[
  {
    "name": "MozzarellArt Burrata",
    "price": "83,90 Kč",
    "unit_price": "671.2 Kč/kg",
    "package_amount": "125 g",
    "subcategory_name": "Sýry - Dárková balení",
    "subcategory_url": "https://www.rohlik.cz/c300121865-darkove-baleni-a-speciality"
  },
  {
    "name": "Korbáčky přírodní pařené",
    "price": "36,90 Kč",
    "unit_price": "738 Kč/kg",
    "package_amount": "50 g",
    "subcategory_name": "Sýry - Dárková balení",
    "subcategory_url": "https://www.rohlik.cz/c300121865-darkove-baleni-a-speciality"
  },
  {
    "name": "Korbáčky uzené",
    "price": "33,90 Kč",
    "unit_price": "678 Kč/kg",
    "package_amount": "50 g",
    "subcategory_name": "Sýry - Dárková balení",
    "subcategory_url": "https://www.rohlik.cz/c300121865-darkove-baleni-a-speciality"
  },
  {
    "name": "Mliečna Farma Necpaly Turčianské sýrové nitě",
    "price": "68 Kč",
    "unit_price": "453.33 Kč/kg",
    "package_amount": "150 g",
    "subcategory_name": "Sýry - Dárková balení",
    "subcategory_url": "https://www.rohlik.cz/c300121865-darkove-baleni-a-speciality"
  },
  {
    "name": "Mliečna Farma Necpaly Turčianské sýrové korbáčky",
    "price": "72,90 Kč",
    "unit_price": "486 Kč/kg",
    "package_amount": "150 g",
    "subcategory_name": "Sýry - Dárková balení",
    "subcategory_url": "https://www.rohlik.cz/c300121865-darkove-baleni-a-speciality"
  },
  {
    "name": "Koliba Jadel přírodní",
    "price": "76,90 Kč",
    "unit_price": "384.5 Kč/kg",
    "package_amount": "200 g",
    "subcategory_name": "Sýry - Dárková balení",
    "subcategory_url": "https://www.rohlik.cz/c300121865-darkove-baleni-a-speciality"
  },
  {
    "name": "Boursin Čerstvý sýr s česnekem a bylinkami",
    "price": "82,60 Kč",
    "unit_price": "550.67 Kč/kg",
    "package_amount": "150 g",
    "subcategory_name": "Sýry - Dárková balení",
    "subcategory_url": "https://www.rohlik.cz/c300121865-darkove-baleni-a-speciality"
  },
  {
    "name": "Le Rustique Brie",
    "price": "114,90 Kč",
    "unit_price": "574.5 Kč/kg",
    "package_amount": "200 g",
    "subcategory_name": "Sýry - Dárková balení",
    "subcategory_url": "https://www.rohlik.cz/c300121865-darkove-baleni-a-speciality"
  },
  {
    "name": "Caseamo Farmářská Gouda s lanýži freshpack",
    "price": "153,38 Kč",
    "unit_price": "1022.5 Kč/kg",
    "package_amount": "cca 150 g",
    "subcategory_name": "Sýry - Dárková balení",
    "subcategory_url": "https://www.rohlik.cz/c300121865-darkove-baleni-a-speciality"
  },
  {
    "name": "Fratelli Brazzale Máslo 84%",
    "price": "77,90 Kč",
    "unit_price": "623.2 Kč/kg",
    "package_amount": "125 g",
    "subcategory_name": "Sýry - Dárková balení",
    "subcategory_url": "https://www.rohlik.cz/c300121865-darkove-baleni-a-speciality"
  },
  {
    "name": "El Pastor Španělské tapas trio",
    "price": "111,90 Kč",
    "unit_price": "746 Kč/kg",
    "package_amount": "150 g",
    "subcategory_name": "Sýry - Dárková balení",
    "subcategory_url": "https://www.rohlik.cz/c300121865-darkove-baleni-a-speciality"
  },
  {
    "name": "Rohlik.cz Tete de Moine AOP",
    "price": "178,35 Kč",
    "unit_price": "1649.9 Kč/kg",
    "package_amount": "cca 110 g",
    "subcategory_name": "Sýry - Dárková balení",
    "subcategory_url": "https://www.rohlik.cz/c300121865-darkove-baleni-a-speciality"
  },
  {
    "name": "Président Saint Morgon",
    "price": "104,90 Kč",
    "unit_price": "524.5 Kč/kg",
    "package_amount": "200 g",
    "subcategory_name": "Sýry - Dárková balení",
    "subcategory_url": "https://www.rohlik.cz/c300121865-darkove-baleni-a-speciality"
  },
  {
    "name": "Fratelli Brazzale Máslo se solí z Cervie",
    "price": "75,90 Kč",
    "unit_price": "607.2 Kč/kg",
    "package_amount": "125 g",
    "subcategory_name": "Sýry - Dárková balení",
    "subcategory_url": "https://www.rohlik.cz/c300121865-darkove-baleni-a-speciality"
  },
  {
    "name": "Président Carré gourmet",
    "price": "90,40 Kč",
    "unit_price": "452 Kč/kg",
    "package_amount": "200 g",
    "subcategory_name": "Sýry - Dárková balení",
    "subcategory_url": "https://www.rohlik.cz/c300121865-darkove-baleni-a-speciality"
  },
  {
    "name": "Fratelli Brazzale Máslo se zauzenou kyperskou solí",
    "price": "75,90 Kč",
    "unit_price": "607.2 Kč/kg",
    "package_amount": "125 g",
    "subcategory_name": "Sýry - Dárková balení",
    "subcategory_url": "https://www.rohlik.cz/c300121865-darkove-baleni-a-speciality"
  },
  {
    "name": "Rohlik.cz Red Cheddar tapas",
    "price": "99,90 Kč",
    "unit_price": "666 Kč/kg",
    "package_amount": "150 g",
    "subcategory_name": "Sýry - Dárková balení",
    "subcategory_url": "https://www.rohlik.cz/c300121865-darkove-baleni-a-speciality"
  },
  {
    "name": "Rohlik.cz Raclette výkroj",
    "price": "93,90 Kč",
    "unit_price": "782.5 Kč/kg",
    "package_amount": "120 g",
    "subcategory_name": "Sýry - Dárková balení",
    "subcategory_url": "https://www.rohlik.cz/c300121865-darkove-baleni-a-speciality"
  },
  {
    "name": "Fratelli Brazzale Máslo s rozmarýnem",
    "price": "75,90 Kč",
    "unit_price": "607.2 Kč/kg",
    "package_amount": "125 g",
    "subcategory_name": "Sýry - Dárková balení",
    "subcategory_url": "https://www.rohlik.cz/c300121865-darkove-baleni-a-speciality"
  },
  {
    "name": "Boursin Čerstvý sýr krémový",
    "price": "82,60 Kč",
    "unit_price": "550.67 Kč/kg",
    "package_amount": "150 g",
    "subcategory_name": "Sýry - Dárková balení",
    "subcategory_url": "https://www.rohlik.cz/c300121865-darkove-baleni-a-speciality"
  },
  {
    "name": "Deli Q Mix Sýr red cheddar, kozí sýr a mini salami",
    "price": "139,90 Kč",
    "unit_price": "699.5 Kč/kg",
    "package_amount": "200 g",
    "subcategory_name": "Sýry - Dárková balení",
    "subcategory_url": "https://www.rohlik.cz/c300121865-darkove-baleni-a-speciality"
  },
  {
    "name": "Rohlik.cz Degustační balíček sýrů Gouda",
    "price": "592,90 Kč",
    "unit_price": "1185.8 Kč/kg",
    "package_amount": "500 g",
    "subcategory_name": "Sýry - Dárková balení",
    "subcategory_url": "https://www.rohlik.cz/c300121865-darkove-baleni-a-speciality"
  },
  {
    "name": "RichesMonts Foundue na savojský způsob",
    "price": "79,90 Kč",
    "unit_price": "532.67 Kč/kg",
    "package_amount": "150 g",
    "subcategory_name": "Sýry - Dárková balení",
    "subcategory_url": "https://www.rohlik.cz/c300121865-darkove-baleni-a-speciality"
  },
  {
    "name": "Old Amsterdam reserve",
    "price": "132,90 Kč",
    "unit_price": "1022.31 Kč/kg",
    "package_amount": "130 g",
    "subcategory_name": "Sýry - Dárková balení",
    "subcategory_url": "https://www.rohlik.cz/c300121865-darkove-baleni-a-speciality"
  },
  {
    "name": "Rohlik.cz Provolone uzené tapas",
    "price": "109,90 Kč",
    "unit_price": "732.67 Kč/kg",
    "package_amount": "150 g",
    "subcategory_name": "Sýry - Dárková balení",
    "subcategory_url": "https://www.rohlik.cz/c300121865-darkove-baleni-a-speciality"
  },
  {
    "name": "Rohlik.cz Gorgonzola spicy PDO \"Il Bacco Verde\" tapas",
    "price": "119,90 Kč",
    "unit_price": "799.33 Kč/kg",
    "package_amount": "150 g",
    "subcategory_name": "Sýry - Dárková balení",
    "subcategory_url": "https://www.rohlik.cz/c300121865-darkove-baleni-a-speciality"
  },
  {
    "name": "Le Superbe 1862 Swiss Fondue",
    "price": "259,90 Kč",
    "unit_price": "649.75 Kč/kg",
    "package_amount": "400 g",
    "subcategory_name": "Sýry - Dárková balení",
    "subcategory_url": "https://www.rohlik.cz/c300121865-darkove-baleni-a-speciality"
  },
  {
    "name": "Fratelli Brazzale Máslo s pažitkou",
    "price": "75,90 Kč",
    "unit_price": "607.2 Kč/kg",
    "package_amount": "125 g",
    "subcategory_name": "Sýry - Dárková balení",
    "subcategory_url": "https://www.rohlik.cz/c300121865-darkove-baleni-a-speciality"
  },
  {
    "name": "IDS Neufchatel CHOP sýr",
    "price": "91,40 Kč",
    "unit_price": "457 Kč/kg",
    "package_amount": "200 g",
    "subcategory_name": "Sýry - Dárková balení",
    "subcategory_url": "https://www.rohlik.cz/c300121865-darkove-baleni-a-speciality"
  },
  {
    "name": "Van den Veer Gouda s červeným pestem výkroj",
    "price": "95,52 Kč",
    "unit_price": "730.3 Kč/kg",
    "package_amount": "cca 130 g",
    "subcategory_name": "Sýry - Dárková balení",
    "subcategory_url": "https://www.rohlik.cz/c300121865-darkove-baleni-a-speciality"
  },
  {
    "name": "Rohlik.cz Degustační balíček pro milovníky sýrů",
    "price": "749 Kč",
    "unit_price": "1070 Kč/kg",
    "package_amount": "0,7 kg",
    "subcategory_name": "Sýry - Dárková balení",
    "subcategory_url": "https://www.rohlik.cz/c300121865-darkove-baleni-a-speciality"
  },
  {
    "name": "Gudbrandsdalen Norský sýr",
    "price": "249,90 Kč",
    "unit_price": "999.6 Kč/kg",
    "package_amount": "250 g",
    "subcategory_name": "Sýry - Dárková balení",
    "subcategory_url": "https://www.rohlik.cz/c300121865-darkove-baleni-a-speciality"
  },
  {
    "name": "Koliba Korbáčik kbelík (15 ks)",
    "price": "259,90 Kč",
    "unit_price": "577.56 Kč/kg",
    "package_amount": "450 g",
    "subcategory_name": "Sýry - Dárková balení",
    "subcategory_url": "https://www.rohlik.cz/c300121865-darkove-baleni-a-speciality"
  },
  {
    "name": "Milsy Sýrové nitě neuzené",
    "price": "224,90 Kč",
    "unit_price": "449.8 Kč/kg",
    "package_amount": "500 g",
    "subcategory_name": "Sýry - Dárková balení",
    "subcategory_url": "https://www.rohlik.cz/c300121865-darkove-baleni-a-speciality"
  },
  {
    "name": "Snowdonia Cheddar beechwood přirozeně uzený extra uleželý sýr",
    "price": "223,90 Kč",
    "unit_price": "1119.5 Kč/kg",
    "package_amount": "200 g",
    "subcategory_name": "Sýry - Dárková balení",
    "subcategory_url": "https://www.rohlik.cz/c300121865-darkove-baleni-a-speciality"
  },
  {
    "name": "Snowdonia Cheddar red devil červený sýr s chilli",
    "price": "223,90 Kč",
    "unit_price": "1119.5 Kč/kg",
    "package_amount": "200 g",
    "subcategory_name": "Sýry - Dárková balení",
    "subcategory_url": "https://www.rohlik.cz/c300121865-darkove-baleni-a-speciality"
  },
  {
    "name": "Camembert AOP",
    "price": "214,10 Kč",
    "unit_price": "856.4 Kč/kg",
    "package_amount": "250 g",
    "subcategory_name": "Sýry - Dárková balení",
    "subcategory_url": "https://www.rohlik.cz/c300121865-darkove-baleni-a-speciality"
  },
  {
    "name": "Snowdonia Cheddar black bomber extra uleželý sýr",
    "price": "223,90 Kč",
    "unit_price": "1119.5 Kč/kg",
    "package_amount": "200 g",
    "subcategory_name": "Sýry - Dárková balení",
    "subcategory_url": "https://www.rohlik.cz/c300121865-darkove-baleni-a-speciality"
  },
  {
    "name": "Snowdonia Cheddar ruby mist sýr s bílým portským a brandy",
    "price": "223,90 Kč",
    "unit_price": "1119.5 Kč/kg",
    "package_amount": "200 g",
    "subcategory_name": "Sýry - Dárková balení",
    "subcategory_url": "https://www.rohlik.cz/c300121865-darkove-baleni-a-speciality"
  },
  {
    "name": "Allerum Grevé tvrdý sýr",
    "price": "399,90 Kč",
    "unit_price": "1066.4 Kč/kg",
    "package_amount": "375 g",
    "subcategory_name": "Sýry - Dárková balení",
    "subcategory_url": "https://www.rohlik.cz/c300121865-darkove-baleni-a-speciality"
  },
  {
    "name": "Snowdonia Cheddar amber mist sýr s whisky",
    "price": "223,90 Kč",
    "unit_price": "1119.5 Kč/kg",
    "package_amount": "200 g",
    "subcategory_name": "Sýry - Dárková balení",
    "subcategory_url": "https://www.rohlik.cz/c300121865-darkove-baleni-a-speciality"
  },
  {
    "name": "Rohlik.cz Sýrový box Fondue",
    "price": "499 Kč",
    "unit_price": "907.27 Kč/kg",
    "package_amount": "0,55 kg",
    "subcategory_name": "Sýry - Dárková balení",
    "subcategory_url": "https://www.rohlik.cz/c300121865-darkove-baleni-a-speciality"
  },
  {
    "name": "Rohlik.cz Sýrový box Raclette",
    "price": "499 Kč",
    "unit_price": "907.27 Kč/kg",
    "package_amount": "0,55 kg",
    "subcategory_name": "Sýry - Dárková balení",
    "subcategory_url": "https://www.rohlik.cz/c300121865-darkove-baleni-a-speciality"
  },
  {
    "name": "Milsy Syrové nitě neuzené",
    "price": "124,90 Kč",
    "unit_price": "499.6 Kč/kg",
    "package_amount": "250 g",
    "subcategory_name": "Sýry - Dárková balení",
    "subcategory_url": "https://www.rohlik.cz/c300121865-darkove-baleni-a-speciality"
  },
  {
    "name": "Deli Q Daily Plant Plátky s příchutí kozího sýru",
    "price": "49,90 Kč",
    "unit_price": "499 Kč/kg",
    "package_amount": "100 g",
    "subcategory_name": "Plátkové sýry",
    "subcategory_url": "https://www.rohlik.cz/c300105028-platkove"
  },
  {
    "name": "Miil Eidam 30% plátky",
    "price": "21,90 Kč",
    "unit_price": "219 Kč/kg",
    "package_amount": "100 g",
    "subcategory_name": "Plátkové sýry",
    "subcategory_url": "https://www.rohlik.cz/c300105028-platkove"
  },
  {
    "name": "Miil Gouda 47% plátky",
    "price": "34,90 Kč",
    "unit_price": "232.67 Kč/kg",
    "package_amount": "150 g",
    "subcategory_name": "Plátkové sýry",
    "subcategory_url": "https://www.rohlik.cz/c300105028-platkove"
  },
  {
    "name": "Président Gouda plátky",
    "price": "51,90 Kč",
    "unit_price": "519 Kč/kg",
    "package_amount": "100 g",
    "subcategory_name": "Plátkové sýry",
    "subcategory_url": "https://www.rohlik.cz/c300105028-platkove"
  },
  {
    "name": "Miil Cheddar 51% plátky",
    "price": "52,90 Kč",
    "unit_price": "352.67 Kč/kg",
    "package_amount": "150 g",
    "subcategory_name": "Plátkové sýry",
    "subcategory_url": "https://www.rohlik.cz/c300105028-platkove"
  },
  {
    "name": "Miil Emmental 45% plátky",
    "price": "43,90 Kč",
    "unit_price": "292.67 Kč/kg",
    "package_amount": "150 g",
    "subcategory_name": "Plátkové sýry",
    "subcategory_url": "https://www.rohlik.cz/c300105028-platkove"
  },
  {
    "name": "Eidam plátky 30%",
    "price": "67,37 Kč",
    "unit_price": "319.9 Kč/kg",
    "package_amount": "cca 210 g",
    "subcategory_name": "Plátkové sýry",
    "subcategory_url": "https://www.rohlik.cz/c300105028-platkove"
  },
  {
    "name": "Miil Eidam 45% plátky",
    "price": "34,90 Kč",
    "unit_price": "232.67 Kč/kg",
    "package_amount": "150 g",
    "subcategory_name": "Plátkové sýry",
    "subcategory_url": "https://www.rohlik.cz/c300105028-platkove"
  },
  {
    "name": "Leerdammer Original sýr plátky",
    "price": "51,90 Kč",
    "unit_price": "519 Kč/kg",
    "package_amount": "100 g",
    "subcategory_name": "Plátkové sýry",
    "subcategory_url": "https://www.rohlik.cz/c300105028-platkove"
  },
  {
    "name": "Madeta Jihočeský Eidam 20% plátky",
    "price": "34,90 Kč",
    "unit_price": "349 Kč/kg",
    "package_amount": "100 g",
    "subcategory_name": "Plátkové sýry",
    "subcategory_url": "https://www.rohlik.cz/c300105028-platkove"
  },
  {
    "name": "Rohlik.cz  Emmental 45% plátky",
    "price": "60,36 Kč",
    "unit_price": "559.9 Kč/kg",
    "package_amount": "cca 110 g",
    "subcategory_name": "Plátkové sýry",
    "subcategory_url": "https://www.rohlik.cz/c300105028-platkove"
  },
  {
    "name": "Rohlik.cz Gouda holandská 48+",
    "price": "64,90 Kč",
    "unit_price": "613.4 Kč/kg",
    "package_amount": "cca 110 g",
    "subcategory_name": "Plátkové sýry",
    "subcategory_url": "https://www.rohlik.cz/c300105028-platkove"
  },
  {
    "name": "Rohlik.cz Red Cheddar plátky",
    "price": "57,39 Kč",
    "unit_price": "539.9 Kč/kg",
    "package_amount": "cca 110 g",
    "subcategory_name": "Plátkové sýry",
    "subcategory_url": "https://www.rohlik.cz/c300105028-platkove"
  },
  {
    "name": "Leerdammer Proteinový sýr plátky",
    "price": "49,90 Kč",
    "unit_price": "623.75 Kč/kg",
    "package_amount": "80 g",
    "subcategory_name": "Plátkové sýry",
    "subcategory_url": "https://www.rohlik.cz/c300105028-platkove"
  },
  {
    "name": "Président Emmental plátkový sýr",
    "price": "51,90 Kč",
    "unit_price": "519 Kč/kg",
    "package_amount": "100 g",
    "subcategory_name": "Plátkové sýry",
    "subcategory_url": "https://www.rohlik.cz/c300105028-platkove"
  },
  {
    "name": "Président Cheddar plátkový sýr",
    "price": "62,90 Kč",
    "unit_price": "629 Kč/kg",
    "package_amount": "100 g",
    "subcategory_name": "Plátkové sýry",
    "subcategory_url": "https://www.rohlik.cz/c300105028-platkove"
  },
  {
    "name": "Madeta Madeland 45% original plátky",
    "price": "42,90 Kč",
    "unit_price": "429 Kč/kg",
    "package_amount": "100 g",
    "subcategory_name": "Plátkové sýry",
    "subcategory_url": "https://www.rohlik.cz/c300105028-platkove"
  },
  {
    "name": "Laktos Cheddar 50% plátky",
    "price": "38,80 Kč",
    "unit_price": "388 Kč/kg",
    "package_amount": "100 g",
    "subcategory_name": "Plátkové sýry",
    "subcategory_url": "https://www.rohlik.cz/c300105028-platkove"
  },
  {
    "name": "Madeta Jihočeský eidam 30% plátky",
    "price": "34,90 Kč",
    "unit_price": "349 Kč/kg",
    "package_amount": "100 g",
    "subcategory_name": "Plátkové sýry",
    "subcategory_url": "https://www.rohlik.cz/c300105028-platkove"
  },
  {
    "name": "Madeta Sýrařův výběr Moravský bochník 45 % plátky",
    "price": "36,90 Kč",
    "unit_price": "369 Kč/kg",
    "package_amount": "100 g",
    "subcategory_name": "Plátkové sýry",
    "subcategory_url": "https://www.rohlik.cz/c300105028-platkove"
  },
  {
    "name": "Delacto Gouda plátky bez laktózy",
    "price": "33,90 Kč",
    "unit_price": "339 Kč/kg",
    "package_amount": "100 g",
    "subcategory_name": "Plátkové sýry",
    "subcategory_url": "https://www.rohlik.cz/c300105028-platkove"
  },
  {
    "name": "Madeta Sýrařův výběr Tylžský sýr 45 % plátky",
    "price": "36,90 Kč",
    "unit_price": "369 Kč/kg",
    "package_amount": "100 g",
    "subcategory_name": "Plátkové sýry",
    "subcategory_url": "https://www.rohlik.cz/c300105028-platkove"
  },
  {
    "name": "Madeta Lipánek sýr 48% plátky",
    "price": "36,90 Kč",
    "unit_price": "369 Kč/kg",
    "package_amount": "100 g",
    "subcategory_name": "Plátkové sýry",
    "subcategory_url": "https://www.rohlik.cz/c300105028-platkove"
  },
  {
    "name": "Lacrum Eidam 30% uzené plátky",
    "price": "24,90 Kč",
    "unit_price": "249 Kč/kg",
    "package_amount": "100 g",
    "subcategory_name": "Plátkové sýry",
    "subcategory_url": "https://www.rohlik.cz/c300105028-platkove"
  },
  {
    "name": "Leerdammer Lightlife sýr plátky",
    "price": "51,90 Kč",
    "unit_price": "519 Kč/kg",
    "package_amount": "100 g",
    "subcategory_name": "Plátkové sýry",
    "subcategory_url": "https://www.rohlik.cz/c300105028-platkove"
  },
  {
    "name": "Leerdammer Original plátky",
    "price": "89,90 Kč",
    "unit_price": "561.88 Kč/kg",
    "package_amount": "160 g",
    "subcategory_name": "Plátkové sýry",
    "subcategory_url": "https://www.rohlik.cz/c300105028-platkove"
  },
  {
    "name": "Président Maasdamer plátkový sýr",
    "price": "51,90 Kč",
    "unit_price": "519 Kč/kg",
    "package_amount": "100 g",
    "subcategory_name": "Plátkové sýry",
    "subcategory_url": "https://www.rohlik.cz/c300105028-platkove"
  },
  {
    "name": "Madeta High protein Eidam Pro plátky",
    "price": "39,90 Kč",
    "unit_price": "399 Kč/kg",
    "package_amount": "100 g",
    "subcategory_name": "Plátkové sýry",
    "subcategory_url": "https://www.rohlik.cz/c300105028-platkove"
  },
  {
    "name": "Leerdammer Original Finesse sýr plátky",
    "price": "51,90 Kč",
    "unit_price": "648.75 Kč/kg",
    "package_amount": "80 g",
    "subcategory_name": "Plátkové sýry",
    "subcategory_url": "https://www.rohlik.cz/c300105028-platkove"
  },
  {
    "name": "Matylda BIO Sýr gouda 48% plátky",
    "price": "45,90 Kč",
    "unit_price": "459 Kč/kg",
    "package_amount": "100 g",
    "subcategory_name": "Plátkové sýry",
    "subcategory_url": "https://www.rohlik.cz/c300105028-platkove"
  },
  {
    "name": "Apetito tavené plátky do toustů Gouda",
    "price": "43,90 Kč",
    "unit_price": "337.69 Kč/kg",
    "package_amount": "130 g",
    "subcategory_name": "Plátkové sýry",
    "subcategory_url": "https://www.rohlik.cz/c300105028-platkove"
  },
  {
    "name": "Rohlik.cz Gouda uzená plátky",
    "price": "53,49 Kč",
    "unit_price": "499.91 Kč/kg",
    "package_amount": "cca 110 g",
    "subcategory_name": "Plátkové sýry",
    "subcategory_url": "https://www.rohlik.cz/c300105028-platkove"
  },
  {
    "name": "Madeta Sýrařův výběr Tylžský sýr uzený 45 % plátky",
    "price": "36,90 Kč",
    "unit_price": "369 Kč/kg",
    "package_amount": "100 g",
    "subcategory_name": "Plátkové sýry",
    "subcategory_url": "https://www.rohlik.cz/c300105028-platkove"
  },
  {
    "name": "Liptov Oštiepok plátky uzené",
    "price": "44,90 Kč",
    "unit_price": "498.89 Kč/kg",
    "package_amount": "90 g",
    "subcategory_name": "Plátkové sýry",
    "subcategory_url": "https://www.rohlik.cz/c300105028-platkove"
  },
  {
    "name": "Matylda BIO Sýr eidam 30% plátky",
    "price": "45,90 Kč",
    "unit_price": "459 Kč/kg",
    "package_amount": "100 g",
    "subcategory_name": "Plátkové sýry",
    "subcategory_url": "https://www.rohlik.cz/c300105028-platkove"
  },
  {
    "name": "Madeta Jihočeský eidam 45% plátky",
    "price": "34,90 Kč",
    "unit_price": "349 Kč/kg",
    "package_amount": "100 g",
    "subcategory_name": "Plátkové sýry",
    "subcategory_url": "https://www.rohlik.cz/c300105028-platkove"
  },
  {
    "name": "Madeta Sýrařův výběr Gouda 48 % plátky",
    "price": "36,90 Kč",
    "unit_price": "369 Kč/kg",
    "package_amount": "100 g",
    "subcategory_name": "Plátkové sýry",
    "subcategory_url": "https://www.rohlik.cz/c300105028-platkove"
  },
  {
    "name": "Jaroměřická mlékárna Eidam 45% plátky",
    "price": "31,90 Kč",
    "unit_price": "319 Kč/kg",
    "package_amount": "100 g",
    "subcategory_name": "Plátkové sýry",
    "subcategory_url": "https://www.rohlik.cz/c300105028-platkove"
  },
  {
    "name": "Madeta Madeland light 30% plátky",
    "price": "42,90 Kč",
    "unit_price": "429 Kč/kg",
    "package_amount": "100 g",
    "subcategory_name": "Plátkové sýry",
    "subcategory_url": "https://www.rohlik.cz/c300105028-platkove"
  },
  {
    "name": "Madeta Madeland Fit 20% plátky",
    "price": "42,90 Kč",
    "unit_price": "429 Kč/kg",
    "package_amount": "100 g",
    "subcategory_name": "Plátkové sýry",
    "subcategory_url": "https://www.rohlik.cz/c300105028-platkove"
  },
  {
    "name": "Lacrum Pernštejn sýr plátkový",
    "price": "29,90 Kč",
    "unit_price": "299 Kč/kg",
    "package_amount": "100 g",
    "subcategory_name": "Plátkové sýry",
    "subcategory_url": "https://www.rohlik.cz/c300105028-platkove"
  },
  {
    "name": "Leerdammer Caractere Finesse sýr plátky",
    "price": "51,90 Kč",
    "unit_price": "648.75 Kč/kg",
    "package_amount": "80 g",
    "subcategory_name": "Plátkové sýry",
    "subcategory_url": "https://www.rohlik.cz/c300105028-platkove"
  },
  {
    "name": "Lacrum Moravský bochník sýr plátkový",
    "price": "29,90 Kč",
    "unit_price": "299 Kč/kg",
    "package_amount": "100 g",
    "subcategory_name": "Plátkové sýry",
    "subcategory_url": "https://www.rohlik.cz/c300105028-platkove"
  },
  {
    "name": "Eidam plátky 40%",
    "price": "73,86 Kč",
    "unit_price": "349.9 Kč/kg",
    "package_amount": "cca 210 g",
    "subcategory_name": "Plátkové sýry",
    "subcategory_url": "https://www.rohlik.cz/c300105028-platkove"
  },
  {
    "name": "Laktos Gouda plátky 48%",
    "price": "84,90 Kč",
    "unit_price": "339.6 Kč/kg",
    "package_amount": "250 g",
    "subcategory_name": "Plátkové sýry",
    "subcategory_url": "https://www.rohlik.cz/c300105028-platkove"
  },
  {
    "name": "Milko Tolštejn protein plátky 30 %",
    "price": "39,90 Kč",
    "unit_price": "399 Kč/kg",
    "package_amount": "100 g",
    "subcategory_name": "Plátkové sýry",
    "subcategory_url": "https://www.rohlik.cz/c300105028-platkove"
  },
  {
    "name": "Dublin Dairy Maasdam plátky",
    "price": "54,90 Kč",
    "unit_price": "549 Kč/kg",
    "package_amount": "100 g",
    "subcategory_name": "Plátkové sýry",
    "subcategory_url": "https://www.rohlik.cz/c300105028-platkove"
  },
  {
    "name": "Singletons Sýr čedar s černým pepřem plátky",
    "price": "129,90 Kč",
    "unit_price": "866 Kč/kg",
    "package_amount": "150 g",
    "subcategory_name": "Plátkové sýry",
    "subcategory_url": "https://www.rohlik.cz/c300105028-platkove"
  },
  {
    "name": "Madeta Primator 45% plátky",
    "price": "38,90 Kč",
    "unit_price": "389 Kč/kg",
    "package_amount": "100 g",
    "subcategory_name": "Plátkové sýry",
    "subcategory_url": "https://www.rohlik.cz/c300105028-platkove"
  },
  {
    "name": "Madeta High protein Madeland plátky",
    "price": "49,90 Kč",
    "unit_price": "499 Kč/kg",
    "package_amount": "100 g",
    "subcategory_name": "Plátkové sýry",
    "subcategory_url": "https://www.rohlik.cz/c300105028-platkove"
  },
  {
    "name": "Alnatura BIO Gouda 45% plátky",
    "price": "62,90 Kč",
    "unit_price": "503.2 Kč/kg",
    "package_amount": "125 g",
    "subcategory_name": "Plátkové sýry",
    "subcategory_url": "https://www.rohlik.cz/c300105028-platkove"
  },
  {
    "name": "Heinrichsthaler Gouda 48% plátky",
    "price": "74,90 Kč",
    "unit_price": "499.33 Kč/kg",
    "package_amount": "150 g",
    "subcategory_name": "Plátkové sýry",
    "subcategory_url": "https://www.rohlik.cz/c300105028-platkove"
  },
  {
    "name": "Dublin Dairy Irish cheddar red plátky",
    "price": "88,90 Kč",
    "unit_price": "592.67 Kč/kg",
    "package_amount": "150 g",
    "subcategory_name": "Plátkové sýry",
    "subcategory_url": "https://www.rohlik.cz/c300105028-platkove"
  },
  {
    "name": "Laktos Gouda 48% plátky",
    "price": "44,90 Kč",
    "unit_price": "449 Kč/kg",
    "package_amount": "100 g",
    "subcategory_name": "Plátkové sýry",
    "subcategory_url": "https://www.rohlik.cz/c300105028-platkove"
  },
  {
    "name": "Heinrichsthaler Emmental 45% plátky",
    "price": "62,90 Kč",
    "unit_price": "503.2 Kč/kg",
    "package_amount": "125 g",
    "subcategory_name": "Plátkové sýry",
    "subcategory_url": "https://www.rohlik.cz/c300105028-platkove"
  },
  {
    "name": "Laktos Kralevic 45% plátky",
    "price": "33,90 Kč",
    "unit_price": "339 Kč/kg",
    "package_amount": "100 g",
    "subcategory_name": "Plátkové sýry",
    "subcategory_url": "https://www.rohlik.cz/c300105028-platkove"
  },
  {
    "name": "Rohlik.cz Mild White Cheddar plátky",
    "price": "61,53 Kč",
    "unit_price": "579.9 Kč/kg",
    "package_amount": "cca 110 g",
    "subcategory_name": "Plátkové sýry",
    "subcategory_url": "https://www.rohlik.cz/c300105028-platkove"
  },
  {
    "name": "Liptov Oštiepok plátky neuzené",
    "price": "44,90 Kč",
    "unit_price": "498.89 Kč/kg",
    "package_amount": "90 g",
    "subcategory_name": "Plátkové sýry",
    "subcategory_url": "https://www.rohlik.cz/c300105028-platkove"
  },
  {
    "name": "Madeta Madeland Maxi plátky original",
    "price": "88,90 Kč",
    "unit_price": "355.6 Kč/kg",
    "package_amount": "250 g",
    "subcategory_name": "Plátkové sýry",
    "subcategory_url": "https://www.rohlik.cz/c300105028-platkove"
  },
  {
    "name": "Apetito plátky Tylžský sýr",
    "price": "42,90 Kč",
    "unit_price": "476.67 Kč/kg",
    "package_amount": "90 g",
    "subcategory_name": "Plátkové sýry",
    "subcategory_url": "https://www.rohlik.cz/c300105028-platkove"
  },
  {
    "name": "Rohlik.cz Holandský Edammer plátky",
    "price": "64,13 Kč",
    "unit_price": "599.9 Kč/kg",
    "package_amount": "cca 110 g",
    "subcategory_name": "Plátkové sýry",
    "subcategory_url": "https://www.rohlik.cz/c300105028-platkove"
  },
  {
    "name": "Madeta Lipánek sýr 30% plátky",
    "price": "36,90 Kč",
    "unit_price": "369 Kč/kg",
    "package_amount": "100 g",
    "subcategory_name": "Plátkové sýry",
    "subcategory_url": "https://www.rohlik.cz/c300105028-platkove"
  },
  {
    "name": "Rohlik.cz Emmental uzený plátky",
    "price": "73,54 Kč",
    "unit_price": "689.9 Kč/kg",
    "package_amount": "cca 110 g",
    "subcategory_name": "Plátkové sýry",
    "subcategory_url": "https://www.rohlik.cz/c300105028-platkove"
  },
  {
    "name": "Apetito plátky Originál",
    "price": "42,90 Kč",
    "unit_price": "476.67 Kč/kg",
    "package_amount": "90 g",
    "subcategory_name": "Plátkové sýry",
    "subcategory_url": "https://www.rohlik.cz/c300105028-platkove"
  },
  {
    "name": "Rohlik.cz Oak-Smoked Cheddar plátky",
    "price": "80,53 Kč",
    "unit_price": "769.9 Kč/kg",
    "package_amount": "cca 100 g",
    "subcategory_name": "Plátkové sýry",
    "subcategory_url": "https://www.rohlik.cz/c300105028-platkove"
  },
  {
    "name": "Apetito plátky Linie",
    "price": "42,90 Kč",
    "unit_price": "476.67 Kč/kg",
    "package_amount": "90 g",
    "subcategory_name": "Plátkové sýry",
    "subcategory_url": "https://www.rohlik.cz/c300105028-platkove"
  },
  {
    "name": "Laktos Eidam 30% plátky",
    "price": "89,90 Kč",
    "unit_price": "359.6 Kč/kg",
    "package_amount": "250 g",
    "subcategory_name": "Plátkové sýry",
    "subcategory_url": "https://www.rohlik.cz/c300105028-platkove"
  },
  {
    "name": "Dublin Dairy Irish cheddar white plátky",
    "price": "88,90 Kč",
    "unit_price": "592.67 Kč/kg",
    "package_amount": "150 g",
    "subcategory_name": "Plátkové sýry",
    "subcategory_url": "https://www.rohlik.cz/c300105028-platkove"
  },
  {
    "name": "Rohlik.cz BIO Eidam",
    "price": "109,90 Kč",
    "unit_price": "549.5 Kč/kg",
    "package_amount": "200 g",
    "subcategory_name": "Plátkové sýry",
    "subcategory_url": "https://www.rohlik.cz/c300105028-platkove"
  },
  {
    "name": "Old Amsterdam plátky",
    "price": "134,90 Kč",
    "unit_price": "899.33 Kč/kg",
    "package_amount": "150 g",
    "subcategory_name": "Plátkové sýry",
    "subcategory_url": "https://www.rohlik.cz/c300105028-platkove"
  },
  {
    "name": "Deli Q Daily Plant Plátky s příchutí goudy",
    "price": "39,90 Kč",
    "unit_price": "399 Kč/kg",
    "package_amount": "100 g",
    "subcategory_name": "Plátkové sýry",
    "subcategory_url": "https://www.rohlik.cz/c300105028-platkove"
  },
  {
    "name": "Singletons Sýr čedar s lanýžem plátky",
    "price": "129,90 Kč",
    "unit_price": "866 Kč/kg",
    "package_amount": "150 g",
    "subcategory_name": "Plátkové sýry",
    "subcategory_url": "https://www.rohlik.cz/c300105028-platkove"
  },
  {
    "name": "Miil BIO Feta sýr P.D.O.",
    "price": "89,90 Kč",
    "unit_price": "499.44 Kč/kg",
    "package_amount": "180 g",
    "subcategory_name": "Sýry BIO a farmářské",
    "subcategory_url": "https://www.rohlik.cz/c300123521-bio-farmarske-ovci-a-kozi"
  },
  {
    "name": "Matylda BIO Čerstvý smetanový sýr",
    "price": "25,90 Kč",
    "unit_price": "259 Kč/kg",
    "package_amount": "100 g",
    "subcategory_name": "Sýry BIO a farmářské",
    "subcategory_url": "https://www.rohlik.cz/c300123521-bio-farmarske-ovci-a-kozi"
  },
  {
    "name": "Matylda BIO Sýrové tyčky pařené",
    "price": "42,90 Kč",
    "unit_price": "536.25 Kč/kg",
    "package_amount": "80 g",
    "subcategory_name": "Sýry BIO a farmářské",
    "subcategory_url": "https://www.rohlik.cz/c300123521-bio-farmarske-ovci-a-kozi"
  },
  {
    "name": "Liptov Bryndza letní kostka",
    "price": "52,90 Kč",
    "unit_price": "480.91 Kč/kg",
    "package_amount": "110 g",
    "subcategory_name": "Sýry BIO a farmářské",
    "subcategory_url": "https://www.rohlik.cz/c300123521-bio-farmarske-ovci-a-kozi"
  },
  {
    "name": "Matylda BIO Sýr gouda 48% plátky",
    "price": "45,90 Kč",
    "unit_price": "459 Kč/kg",
    "package_amount": "100 g",
    "subcategory_name": "Sýry BIO a farmářské",
    "subcategory_url": "https://www.rohlik.cz/c300123521-bio-farmarske-ovci-a-kozi"
  },
  {
    "name": "Bettine Kozí čerstvý sýr natur",
    "price": "62,20 Kč",
    "unit_price": "497.6 Kč/kg",
    "package_amount": "125 g",
    "subcategory_name": "Sýry BIO a farmářské",
    "subcategory_url": "https://www.rohlik.cz/c300123521-bio-farmarske-ovci-a-kozi"
  },
  {
    "name": "Lučina Kozí - natur",
    "price": "72,90 Kč",
    "unit_price": "486 Kč/kg",
    "package_amount": "150 g",
    "subcategory_name": "Sýry BIO a farmářské",
    "subcategory_url": "https://www.rohlik.cz/c300123521-bio-farmarske-ovci-a-kozi"
  },
  {
    "name": "Parmareggio BIO Parmigiano Reggiano DOP parmezán strouhaný",
    "price": "59,90 Kč",
    "unit_price": "1198 Kč/kg",
    "package_amount": "50 g",
    "subcategory_name": "Sýry BIO a farmářské",
    "subcategory_url": "https://www.rohlik.cz/c300123521-bio-farmarske-ovci-a-kozi"
  },
  {
    "name": "Matylda BIO Sýr eidam 30% plátky",
    "price": "45,90 Kč",
    "unit_price": "459 Kč/kg",
    "package_amount": "100 g",
    "subcategory_name": "Sýry BIO a farmářské",
    "subcategory_url": "https://www.rohlik.cz/c300123521-bio-farmarske-ovci-a-kozi"
  },
  {
    "name": "Biofarma DoRa BIO Pomazánkový kozí sýr bílý",
    "price": "39,80 Kč",
    "unit_price": "398 Kč/kg",
    "package_amount": "100 g",
    "subcategory_name": "Sýry BIO a farmářské",
    "subcategory_url": "https://www.rohlik.cz/c300123521-bio-farmarske-ovci-a-kozi"
  },
  {
    "name": "Miil BIO Camembert",
    "price": "35,90 Kč",
    "unit_price": "299.17 Kč/kg",
    "package_amount": "120 g",
    "subcategory_name": "Sýry BIO a farmářské",
    "subcategory_url": "https://www.rohlik.cz/c300123521-bio-farmarske-ovci-a-kozi"
  },
  {
    "name": "Président 12Petits Chevres Doux kozí sýr",
    "price": "99,90 Kč",
    "unit_price": "499.5 Kč/kg",
    "package_amount": "200 g",
    "subcategory_name": "Sýry BIO a farmářské",
    "subcategory_url": "https://www.rohlik.cz/c300123521-bio-farmarske-ovci-a-kozi"
  },
  {
    "name": "Milko BIO Tavený sýr 3v1",
    "price": "26,90 Kč",
    "unit_price": "336.25 Kč/kg",
    "package_amount": "80 g",
    "subcategory_name": "Sýry BIO a farmářské",
    "subcategory_url": "https://www.rohlik.cz/c300123521-bio-farmarske-ovci-a-kozi"
  },
  {
    "name": "Milko Žervé s kozím tvarohem",
    "price": "24,90 Kč",
    "unit_price": "311.25 Kč/kg",
    "package_amount": "80 g",
    "subcategory_name": "Sýry BIO a farmářské",
    "subcategory_url": "https://www.rohlik.cz/c300123521-bio-farmarske-ovci-a-kozi"
  },
  {
    "name": "Alnatura BIO Sýr cottage",
    "price": "43,90 Kč",
    "unit_price": "219.5 Kč/kg",
    "package_amount": "200 g",
    "subcategory_name": "Sýry BIO a farmářské",
    "subcategory_url": "https://www.rohlik.cz/c300123521-bio-farmarske-ovci-a-kozi"
  },
  {
    "name": "Rohlik.cz Mladý kozí sýr výkroj",
    "price": "114,90 Kč",
    "unit_price": "957.5 Kč/kg",
    "package_amount": "120 g",
    "subcategory_name": "Sýry BIO a farmářské",
    "subcategory_url": "https://www.rohlik.cz/c300123521-bio-farmarske-ovci-a-kozi"
  },
  {
    "name": "Président La Buche fondante kozí sýr",
    "price": "99,90 Kč",
    "unit_price": "555 Kč/kg",
    "package_amount": "180 g",
    "subcategory_name": "Sýry BIO a farmářské",
    "subcategory_url": "https://www.rohlik.cz/c300123521-bio-farmarske-ovci-a-kozi"
  },
  {
    "name": "Van Breukelen Kaas Ovčí sýr mladý 8 týdnů výkroj",
    "price": "84,71 Kč",
    "unit_price": "564.7 Kč/kg",
    "package_amount": "cca 150 g",
    "subcategory_name": "Sýry BIO a farmářské",
    "subcategory_url": "https://www.rohlik.cz/c300123521-bio-farmarske-ovci-a-kozi"
  },
  {
    "name": "QuattroColli Pecorino Romano Q.C.",
    "price": "186,90 Kč",
    "unit_price": "934.5 Kč/kg",
    "package_amount": "200 g",
    "subcategory_name": "Sýry BIO a farmářské",
    "subcategory_url": "https://www.rohlik.cz/c300123521-bio-farmarske-ovci-a-kozi"
  },
  {
    "name": "Goat Farm Sýr z kozího a ovčího mléka plátky",
    "price": "74,90 Kč",
    "unit_price": "749 Kč/kg",
    "package_amount": "100 g",
    "subcategory_name": "Sýry BIO a farmářské",
    "subcategory_url": "https://www.rohlik.cz/c300123521-bio-farmarske-ovci-a-kozi"
  },
  {
    "name": "Biofarma DoRa BIO Kozí žervé",
    "price": "67,90 Kč",
    "unit_price": "377.22 Kč/kg",
    "package_amount": "180 g",
    "subcategory_name": "Sýry BIO a farmářské",
    "subcategory_url": "https://www.rohlik.cz/c300123521-bio-farmarske-ovci-a-kozi"
  },
  {
    "name": "Statek Horní Dvorce Ovčí bryndza",
    "price": "89,90 Kč",
    "unit_price": "719.2 Kč/kg",
    "package_amount": "125 g",
    "subcategory_name": "Sýry BIO a farmářské",
    "subcategory_url": "https://www.rohlik.cz/c300123521-bio-farmarske-ovci-a-kozi"
  },
  {
    "name": "Fresh Pack Kozí sýr s bílou plísní",
    "price": "100,79 Kč",
    "unit_price": "689.9 Kč/kg",
    "package_amount": "cca 150 g",
    "subcategory_name": "Sýry BIO a farmářské",
    "subcategory_url": "https://www.rohlik.cz/c300123521-bio-farmarske-ovci-a-kozi"
  },
  {
    "name": "Alnatura BIO Gouda 45% plátky",
    "price": "62,90 Kč",
    "unit_price": "503.2 Kč/kg",
    "package_amount": "125 g",
    "subcategory_name": "Sýry BIO a farmářské",
    "subcategory_url": "https://www.rohlik.cz/c300123521-bio-farmarske-ovci-a-kozi"
  },
  {
    "name": "Alnatura BIO Mozzarella",
    "price": "54,90 Kč",
    "unit_price": "439.2 Kč/kg",
    "package_amount": "125 g",
    "subcategory_name": "Sýry BIO a farmářské",
    "subcategory_url": "https://www.rohlik.cz/c300123521-bio-farmarske-ovci-a-kozi"
  },
  {
    "name": "Goat Farm Kozí sýr plátky PGI",
    "price": "104,90 Kč",
    "unit_price": "1049 Kč/kg",
    "package_amount": "100 g",
    "subcategory_name": "Sýry BIO a farmářské",
    "subcategory_url": "https://www.rohlik.cz/c300123521-bio-farmarske-ovci-a-kozi"
  },
  {
    "name": "Alnatura BIO Čerstvý smetanový sýr",
    "price": "59,90 Kč",
    "unit_price": "342.29 Kč/kg",
    "package_amount": "175 g",
    "subcategory_name": "Sýry BIO a farmářské",
    "subcategory_url": "https://www.rohlik.cz/c300123521-bio-farmarske-ovci-a-kozi"
  },
  {
    "name": "Biofarma DoRa BIO Pomazánkový kozí sýr pažitka",
    "price": "39,80 Kč",
    "unit_price": "398 Kč/kg",
    "package_amount": "100 g",
    "subcategory_name": "Sýry BIO a farmářské",
    "subcategory_url": "https://www.rohlik.cz/c300123521-bio-farmarske-ovci-a-kozi"
  },
  {
    "name": "Rohlik.cz Kozí sýr s koriandrem a pískavicí výkroj",
    "price": "119,90 Kč",
    "unit_price": "999.17 Kč/kg",
    "package_amount": "120 g",
    "subcategory_name": "Sýry BIO a farmářské",
    "subcategory_url": "https://www.rohlik.cz/c300123521-bio-farmarske-ovci-a-kozi"
  },
  {
    "name": "Goat Farm Uzený tavený sýr z kozího mléka, plátky",
    "price": "49,90 Kč",
    "unit_price": "499 Kč/kg",
    "package_amount": "100 g",
    "subcategory_name": "Sýry BIO a farmářské",
    "subcategory_url": "https://www.rohlik.cz/c300123521-bio-farmarske-ovci-a-kozi"
  },
  {
    "name": "Kozí uzený sýr",
    "price": "90,16 Kč",
    "unit_price": "603.9 Kč/kg",
    "package_amount": "cca 150 g",
    "subcategory_name": "Sýry BIO a farmářské",
    "subcategory_url": "https://www.rohlik.cz/c300123521-bio-farmarske-ovci-a-kozi"
  },
  {
    "name": "IDS Perail ovčí sýr",
    "price": "56,30 Kč",
    "unit_price": "563 Kč/kg",
    "package_amount": "100 g",
    "subcategory_name": "Sýry BIO a farmářské",
    "subcategory_url": "https://www.rohlik.cz/c300123521-bio-farmarske-ovci-a-kozi"
  },
  {
    "name": "Kozí sýr extra zralý výkroj",
    "price": "115,68 Kč",
    "unit_price": "856.9 Kč/kg",
    "package_amount": "cca 140 g",
    "subcategory_name": "Sýry BIO a farmářské",
    "subcategory_url": "https://www.rohlik.cz/c300123521-bio-farmarske-ovci-a-kozi"
  },
  {
    "name": "Alnatura BIO Parmigiano Reggiano 24 měsíců zrání",
    "price": "114,90 Kč",
    "unit_price": "919.2 Kč/kg",
    "package_amount": "125 g",
    "subcategory_name": "Sýry BIO a farmářské",
    "subcategory_url": "https://www.rohlik.cz/c300123521-bio-farmarske-ovci-a-kozi"
  },
  {
    "name": "Bettine Kozí čerstvý sýr s medem",
    "price": "62,20 Kč",
    "unit_price": "497.6 Kč/kg",
    "package_amount": "125 g",
    "subcategory_name": "Sýry BIO a farmářské",
    "subcategory_url": "https://www.rohlik.cz/c300123521-bio-farmarske-ovci-a-kozi"
  },
  {
    "name": "Statek Horní Dvorce Čerstvý ovčí sýr",
    "price": "79,39 Kč",
    "unit_price": "569.9 Kč/kg",
    "package_amount": "cca 140 g",
    "subcategory_name": "Sýry BIO a farmářské",
    "subcategory_url": "https://www.rohlik.cz/c300123521-bio-farmarske-ovci-a-kozi"
  },
  {
    "name": "Biofarma DoRa Pomazánkový kozí sýr česnek",
    "price": "39,90 Kč",
    "unit_price": "399 Kč/kg",
    "package_amount": "100 g",
    "subcategory_name": "Sýry BIO a farmářské",
    "subcategory_url": "https://www.rohlik.cz/c300123521-bio-farmarske-ovci-a-kozi"
  },
  {
    "name": "Agrofarma Ovčí hrudka (čtvrtka)",
    "price": "100,19 Kč",
    "unit_price": "535.5 Kč/kg",
    "package_amount": "cca 190 g",
    "subcategory_name": "Sýry BIO a farmářské",
    "subcategory_url": "https://www.rohlik.cz/c300123521-bio-farmarske-ovci-a-kozi"
  },
  {
    "name": "Rohlik.cz BIO Tavený sýr Mazánek",
    "price": "55,90 Kč",
    "unit_price": "399.29 Kč/kg",
    "package_amount": "140 g",
    "subcategory_name": "Sýry BIO a farmářské",
    "subcategory_url": "https://www.rohlik.cz/c300123521-bio-farmarske-ovci-a-kozi"
  },
  {
    "name": "Ekofarma Javorník BIO Mini Eidam",
    "price": "95,90 Kč",
    "unit_price": "479.5 Kč/kg",
    "package_amount": "200 g",
    "subcategory_name": "Sýry BIO a farmářské",
    "subcategory_url": "https://www.rohlik.cz/c300123521-bio-farmarske-ovci-a-kozi"
  },
  {
    "name": "Lye Cross Farm BIO Mild cheddar",
    "price": "145,90 Kč",
    "unit_price": "595.51 Kč/kg",
    "package_amount": "245 g",
    "subcategory_name": "Sýry BIO a farmářské",
    "subcategory_url": "https://www.rohlik.cz/c300123521-bio-farmarske-ovci-a-kozi"
  },
  {
    "name": "Pinna Pecorino Romano DOP sýr",
    "price": "134,90 Kč",
    "unit_price": "674.5 Kč/kg",
    "package_amount": "200 g",
    "subcategory_name": "Sýry BIO a farmářské",
    "subcategory_url": "https://www.rohlik.cz/c300123521-bio-farmarske-ovci-a-kozi"
  },
  {
    "name": "Formaggeria Toscana Kořeněný ovčí sýr s pistáciemi",
    "price": "78,54 Kč",
    "unit_price": "1122 Kč/kg",
    "package_amount": "70 g",
    "subcategory_name": "Sýry BIO a farmářské",
    "subcategory_url": "https://www.rohlik.cz/c300123521-bio-farmarske-ovci-a-kozi"
  },
  {
    "name": "Bon Lait Kozí sýr ve slaném nálevu",
    "price": "56,90 Kč",
    "unit_price": "334.71 Kč/kg",
    "package_amount": "170 g",
    "subcategory_name": "Sýry BIO a farmářské",
    "subcategory_url": "https://www.rohlik.cz/c300123521-bio-farmarske-ovci-a-kozi"
  },
  {
    "name": "Président 6Petits Chévres kozí sýr",
    "price": "84,90 Kč",
    "unit_price": "849 Kč/kg",
    "package_amount": "100 g",
    "subcategory_name": "Sýry BIO a farmářské",
    "subcategory_url": "https://www.rohlik.cz/c300123521-bio-farmarske-ovci-a-kozi"
  },
  {
    "name": "Farma Struhy BIO Selský čerstvý sýr bílý",
    "price": "49,90 Kč",
    "unit_price": "499 Kč/kg",
    "package_amount": "100 g",
    "subcategory_name": "Sýry BIO a farmářské",
    "subcategory_url": "https://www.rohlik.cz/c300123521-bio-farmarske-ovci-a-kozi"
  },
  {
    "name": "Goat Farm Kozí sýr",
    "price": "89,90 Kč",
    "unit_price": "691.54 Kč/kg",
    "package_amount": "130 g",
    "subcategory_name": "Sýry BIO a farmářské",
    "subcategory_url": "https://www.rohlik.cz/c300123521-bio-farmarske-ovci-a-kozi"
  },
  {
    "name": "Alnatura BIO Mozzarella rolka",
    "price": "109,90 Kč",
    "unit_price": "366.33 Kč/kg",
    "package_amount": "300 g",
    "subcategory_name": "Sýry BIO a farmářské",
    "subcategory_url": "https://www.rohlik.cz/c300123521-bio-farmarske-ovci-a-kozi"
  },
  {
    "name": "Parmareggio BIO Parmigiano Reggiano DOP parmezán",
    "price": "214,80 Kč",
    "unit_price": "1432 Kč/kg",
    "package_amount": "150 g",
    "subcategory_name": "Sýry BIO a farmářské",
    "subcategory_url": "https://www.rohlik.cz/c300123521-bio-farmarske-ovci-a-kozi"
  },
  {
    "name": "Farma Struhy BIO Struhoumi sýr na gril bílý",
    "price": "112,90 Kč",
    "unit_price": "752.67 Kč/kg",
    "package_amount": "150 g",
    "subcategory_name": "Sýry BIO a farmářské",
    "subcategory_url": "https://www.rohlik.cz/c300123521-bio-farmarske-ovci-a-kozi"
  },
  {
    "name": "Sir Morava Sýrové nitě",
    "price": "70 Kč",
    "unit_price": "560 Kč/kg",
    "package_amount": "125 g",
    "subcategory_name": "Sýry BIO a farmářské",
    "subcategory_url": "https://www.rohlik.cz/c300123521-bio-farmarske-ovci-a-kozi"
  },
  {
    "name": "Dodoni BIO Sýr feta",
    "price": "127,90 Kč",
    "unit_price": "639.5 Kč/kg",
    "package_amount": "200 g",
    "subcategory_name": "Sýry BIO a farmářské",
    "subcategory_url": "https://www.rohlik.cz/c300123521-bio-farmarske-ovci-a-kozi"
  },
  {
    "name": "Mlékárna Řetová Sloupnický A2 čerstvý sýr přírodní",
    "price": "69 Kč",
    "unit_price": "485.9 Kč/kg",
    "package_amount": "cca 140 g",
    "subcategory_name": "Sýry BIO a farmářské",
    "subcategory_url": "https://www.rohlik.cz/c300123521-bio-farmarske-ovci-a-kozi"
  },
  {
    "name": "Milko Kozí gouda plátky",
    "price": "67,90 Kč",
    "unit_price": "679 Kč/kg",
    "package_amount": "100 g",
    "subcategory_name": "Sýry BIO a farmářské",
    "subcategory_url": "https://www.rohlik.cz/c300123521-bio-farmarske-ovci-a-kozi"
  },
  {
    "name": "Kozí zahrádka BIO Čerstvý kozí sýr přírodní",
    "price": "77,90 Kč",
    "unit_price": "649.17 Kč/kg",
    "package_amount": "120 g",
    "subcategory_name": "Sýry BIO a farmářské",
    "subcategory_url": "https://www.rohlik.cz/c300123521-bio-farmarske-ovci-a-kozi"
  },
  {
    "name": "Pinna Vyzrálý sýr Pecorino Sardo Medoro DOP",
    "price": "170,91 Kč",
    "unit_price": "854.55 Kč/kg",
    "package_amount": "200 g",
    "subcategory_name": "Sýry BIO a farmářské",
    "subcategory_url": "https://www.rohlik.cz/c300123521-bio-farmarske-ovci-a-kozi"
  },
  {
    "name": "Ekofarma Javorník BIO Balkánský sýr",
    "price": "64,90 Kč",
    "unit_price": "499.23 Kč/kg",
    "package_amount": "130 g",
    "subcategory_name": "Sýry BIO a farmářské",
    "subcategory_url": "https://www.rohlik.cz/c300123521-bio-farmarske-ovci-a-kozi"
  },
  {
    "name": "Sýrárna Broumov Čerstvý farmářský sýr přírodní",
    "price": "59,90 Kč",
    "unit_price": "599 Kč/kg",
    "package_amount": "100 g",
    "subcategory_name": "Sýry BIO a farmářské",
    "subcategory_url": "https://www.rohlik.cz/c300123521-bio-farmarske-ovci-a-kozi"
  },
  {
    "name": "El Pastor Španělské tapas trio",
    "price": "111,90 Kč",
    "unit_price": "746 Kč/kg",
    "package_amount": "150 g",
    "subcategory_name": "Sýry BIO a farmářské",
    "subcategory_url": "https://www.rohlik.cz/c300123521-bio-farmarske-ovci-a-kozi"
  },
  {
    "name": "Président Palet de Chevre",
    "price": "76,90 Kč",
    "unit_price": "640.83 Kč/kg",
    "package_amount": "120 g",
    "subcategory_name": "Sýry BIO a farmářské",
    "subcategory_url": "https://www.rohlik.cz/c300123521-bio-farmarske-ovci-a-kozi"
  },
  {
    "name": "Sterilgarda BIO Mascarpone",
    "price": "84,60 Kč",
    "unit_price": "338.4 Kč/kg",
    "package_amount": "250 g",
    "subcategory_name": "Sýry BIO a farmářské",
    "subcategory_url": "https://www.rohlik.cz/c300123521-bio-farmarske-ovci-a-kozi"
  },
  {
    "name": "Soignon Buchette Mélusine Chévre kozí sýr",
    "price": "129,90 Kč",
    "unit_price": "721.67 Kč/kg",
    "package_amount": "180 g",
    "subcategory_name": "Sýry BIO a farmářské",
    "subcategory_url": "https://www.rohlik.cz/c300123521-bio-farmarske-ovci-a-kozi"
  },
  {
    "name": "Fresh Pack Ovčí sýr s bílou plísní",
    "price": "74,99 Kč",
    "unit_price": "749.9 Kč/kg",
    "package_amount": "cca 100 g",
    "subcategory_name": "Sýry BIO a farmářské",
    "subcategory_url": "https://www.rohlik.cz/c300123521-bio-farmarske-ovci-a-kozi"
  },
  {
    "name": "Bon Lait kozí sýr LaGouda",
    "price": "76,80 Kč",
    "unit_price": "853.33 Kč/kg",
    "package_amount": "90 g",
    "subcategory_name": "Sýry BIO a farmářské",
    "subcategory_url": "https://www.rohlik.cz/c300123521-bio-farmarske-ovci-a-kozi"
  },
  {
    "name": "Farma Struhy BIO Sýr na gril kořeněný",
    "price": "112,90 Kč",
    "unit_price": "752.67 Kč/kg",
    "package_amount": "150 g",
    "subcategory_name": "Sýry BIO a farmářské",
    "subcategory_url": "https://www.rohlik.cz/c300123521-bio-farmarske-ovci-a-kozi"
  },
  {
    "name": "Pinna Strouhaný sýr Pecorino Romano DOP",
    "price": "69,90 Kč",
    "unit_price": "1127.42 Kč/kg",
    "package_amount": "62 g",
    "subcategory_name": "Sýry BIO a farmářské",
    "subcategory_url": "https://www.rohlik.cz/c300123521-bio-farmarske-ovci-a-kozi"
  },
  {
    "name": "Kozí brie",
    "price": "136,87 Kč",
    "unit_price": "788.9 Kč/kg",
    "package_amount": "cca 170 g",
    "subcategory_name": "Sýry BIO a farmářské",
    "subcategory_url": "https://www.rohlik.cz/c300123521-bio-farmarske-ovci-a-kozi"
  },
  {
    "name": "Rohlik.cz BIO Sýr s bílou plísní",
    "price": "79,90 Kč",
    "unit_price": "760.95 Kč/kg",
    "package_amount": "105 g",
    "subcategory_name": "Sýry BIO a farmářské",
    "subcategory_url": "https://www.rohlik.cz/c300123521-bio-farmarske-ovci-a-kozi"
  },
  {
    "name": "Rians Brebette čerstvý ovčí sýr",
    "price": "79,70 Kč",
    "unit_price": "531.33 Kč/kg",
    "package_amount": "150 g",
    "subcategory_name": "Sýry BIO a farmářské",
    "subcategory_url": "https://www.rohlik.cz/c300123521-bio-farmarske-ovci-a-kozi"
  },
  {
    "name": "Agrofarma Bryndza",
    "price": "66,90 Kč",
    "unit_price": "535.2 Kč/kg",
    "package_amount": "125 g",
    "subcategory_name": "Sýry BIO a farmářské",
    "subcategory_url": "https://www.rohlik.cz/c300123521-bio-farmarske-ovci-a-kozi"
  },
  {
    "name": "Statek Horní Dvorce Čerstvý ovčí sýr s bylinkami",
    "price": "83,60 Kč",
    "unit_price": "569.9 Kč/kg",
    "package_amount": "cca 150 g",
    "subcategory_name": "Sýry BIO a farmářské",
    "subcategory_url": "https://www.rohlik.cz/c300123521-bio-farmarske-ovci-a-kozi"
  },
  {
    "name": "Alnatura BIO Gouda polotvrdý sýr 50%",
    "price": "106,90 Kč",
    "unit_price": "534.5 Kč/kg",
    "package_amount": "200 g",
    "subcategory_name": "Sýry BIO a farmářské",
    "subcategory_url": "https://www.rohlik.cz/c300123521-bio-farmarske-ovci-a-kozi"
  },
  {
    "name": "Kozí zahrádka BIO Čerstvý kozí sýr olivy",
    "price": "79,90 Kč",
    "unit_price": "665.83 Kč/kg",
    "package_amount": "120 g",
    "subcategory_name": "Sýry BIO a farmářské",
    "subcategory_url": "https://www.rohlik.cz/c300123521-bio-farmarske-ovci-a-kozi"
  },
  {
    "name": "Kourellas BIO Feta P.D.O. sýr",
    "price": "114,90 Kč",
    "unit_price": "766 Kč/kg",
    "package_amount": "150 g",
    "subcategory_name": "Sýry BIO a farmářské",
    "subcategory_url": "https://www.rohlik.cz/c300123521-bio-farmarske-ovci-a-kozi"
  },
  {
    "name": "Entremont Roquefort AOP",
    "price": "94,90 Kč",
    "unit_price": "949 Kč/kg",
    "package_amount": "100 g",
    "subcategory_name": "Sýry BIO a farmářské",
    "subcategory_url": "https://www.rohlik.cz/c300123521-bio-farmarske-ovci-a-kozi"
  },
  {
    "name": "Farma Struhy BIO Selský čerstvý sýr směs koření",
    "price": "55,40 Kč",
    "unit_price": "554 Kč/kg",
    "package_amount": "100 g",
    "subcategory_name": "Sýry BIO a farmářské",
    "subcategory_url": "https://www.rohlik.cz/c300123521-bio-farmarske-ovci-a-kozi"
  },
  {
    "name": "Sýrárna Broumov Čerstvý farmářský sýr s chilli",
    "price": "59,90 Kč",
    "unit_price": "599 Kč/kg",
    "package_amount": "100 g",
    "subcategory_name": "Sýry BIO a farmářské",
    "subcategory_url": "https://www.rohlik.cz/c300123521-bio-farmarske-ovci-a-kozi"
  },
  {
    "name": "Kourellas BIO Manouri sýr",
    "price": "109,90 Kč",
    "unit_price": "732.67 Kč/kg",
    "package_amount": "150 g",
    "subcategory_name": "Sýry BIO a farmářské",
    "subcategory_url": "https://www.rohlik.cz/c300123521-bio-farmarske-ovci-a-kozi"
  },
  {
    "name": "Rohlik.cz BIO Eidam",
    "price": "109,90 Kč",
    "unit_price": "549.5 Kč/kg",
    "package_amount": "200 g",
    "subcategory_name": "Sýry BIO a farmářské",
    "subcategory_url": "https://www.rohlik.cz/c300123521-bio-farmarske-ovci-a-kozi"
  },
  {
    "name": "Sýrárna Broumov Sýr čerstvý farmářský s pepřem a citronovou kůrou",
    "price": "59,90 Kč",
    "unit_price": "599 Kč/kg",
    "package_amount": "100 g",
    "subcategory_name": "Sýry BIO a farmářské",
    "subcategory_url": "https://www.rohlik.cz/c300123521-bio-farmarske-ovci-a-kozi"
  },
  {
    "name": "Germain Le Pico kozí sýr",
    "price": "109,90 Kč",
    "unit_price": "879.2 Kč/kg",
    "package_amount": "125 g",
    "subcategory_name": "Sýry BIO a farmářské",
    "subcategory_url": "https://www.rohlik.cz/c300123521-bio-farmarske-ovci-a-kozi"
  },
  {
    "name": "Kozí zahrádka BIO Čerstvý kozí sýr medvědí česnek",
    "price": "79,90 Kč",
    "unit_price": "665.83 Kč/kg",
    "package_amount": "120 g",
    "subcategory_name": "Sýry BIO a farmářské",
    "subcategory_url": "https://www.rohlik.cz/c300123521-bio-farmarske-ovci-a-kozi"
  },
  {
    "name": "Statek Horní Dvorce Čerstvý ovčí sýr s česnekem",
    "price": "85,71 Kč",
    "unit_price": "569.9 Kč/kg",
    "package_amount": "cca 150 g",
    "subcategory_name": "Sýry BIO a farmářské",
    "subcategory_url": "https://www.rohlik.cz/c300123521-bio-farmarske-ovci-a-kozi"
  },
  {
    "name": "El Pastor Manchego semicurado ovčí sýr",
    "price": "144,90 Kč",
    "unit_price": "966 Kč/kg",
    "package_amount": "150 g",
    "subcategory_name": "Sýry BIO a farmářské",
    "subcategory_url": "https://www.rohlik.cz/c300123521-bio-farmarske-ovci-a-kozi"
  },
  {
    "name": "Kozí zahrádka BIO Čerstvý kozí sýr sušená rajčata",
    "price": "79,90 Kč",
    "unit_price": "665.83 Kč/kg",
    "package_amount": "120 g",
    "subcategory_name": "Sýry BIO a farmářské",
    "subcategory_url": "https://www.rohlik.cz/c300123521-bio-farmarske-ovci-a-kozi"
  },
  {
    "name": "Sýrárna Broumov Čerstvý farmářský sýr se sladkou paprikou",
    "price": "59,90 Kč",
    "unit_price": "599 Kč/kg",
    "package_amount": "100 g",
    "subcategory_name": "Sýry BIO a farmářské",
    "subcategory_url": "https://www.rohlik.cz/c300123521-bio-farmarske-ovci-a-kozi"
  },
  {
    "name": "Sýrárna Broumov Čerstvý farmářský sýr se sušenými rajčaty",
    "price": "59,90 Kč",
    "unit_price": "599 Kč/kg",
    "package_amount": "100 g",
    "subcategory_name": "Sýry BIO a farmářské",
    "subcategory_url": "https://www.rohlik.cz/c300123521-bio-farmarske-ovci-a-kozi"
  },
  {
    "name": "Morbidi Sýr Pecorino Toscano DOP",
    "price": "284,90 Kč",
    "unit_price": "814 Kč/kg",
    "package_amount": "350 g",
    "subcategory_name": "Sýry BIO a farmářské",
    "subcategory_url": "https://www.rohlik.cz/c300123521-bio-farmarske-ovci-a-kozi"
  },
  {
    "name": "Statek Horní Dvorce Ovčí gouda",
    "price": "101,99 Kč",
    "unit_price": "849.9 Kč/kg",
    "package_amount": "cca 120 g",
    "subcategory_name": "Sýry BIO a farmářské",
    "subcategory_url": "https://www.rohlik.cz/c300123521-bio-farmarske-ovci-a-kozi"
  },
  {
    "name": "Morbidi Tvrdý sýr Pecorino „CreteSenesi“ rustico",
    "price": "295,92 Kč",
    "unit_price": "739.8 Kč/kg",
    "package_amount": "400 g",
    "subcategory_name": "Sýry BIO a farmářské",
    "subcategory_url": "https://www.rohlik.cz/c300123521-bio-farmarske-ovci-a-kozi"
  },
  {
    "name": "Farma rodiny Němcovy Farmářský tvarohový sýr s česnekem a petrželkou",
    "price": "77,80 Kč",
    "unit_price": "389 Kč/kg",
    "package_amount": "200 g",
    "subcategory_name": "Sýry BIO a farmářské",
    "subcategory_url": "https://www.rohlik.cz/c300123521-bio-farmarske-ovci-a-kozi"
  },
  {
    "name": "Statek Horní Dvorce Gouda ovčí strouhaný sýr",
    "price": "83,90 Kč",
    "unit_price": "1118.67 Kč/kg",
    "package_amount": "75 g",
    "subcategory_name": "Sýry BIO a farmářské",
    "subcategory_url": "https://www.rohlik.cz/c300123521-bio-farmarske-ovci-a-kozi"
  },
  {
    "name": "Farma rodiny Němcovy Farmářský tvarohový sýr",
    "price": "77,80 Kč",
    "unit_price": "389 Kč/kg",
    "package_amount": "200 g",
    "subcategory_name": "Sýry BIO a farmářské",
    "subcategory_url": "https://www.rohlik.cz/c300123521-bio-farmarske-ovci-a-kozi"
  },
  {
    "name": "Soignon Chévre a Tartiner kozí sýr",
    "price": "92,40 Kč",
    "unit_price": "660 Kč/kg",
    "package_amount": "140 g",
    "subcategory_name": "Sýry BIO a farmářské",
    "subcategory_url": "https://www.rohlik.cz/c300123521-bio-farmarske-ovci-a-kozi"
  },
  {
    "name": "Gudbrandsdalen Norský sýr",
    "price": "249,90 Kč",
    "unit_price": "999.6 Kč/kg",
    "package_amount": "250 g",
    "subcategory_name": "Sýry BIO a farmářské",
    "subcategory_url": "https://www.rohlik.cz/c300123521-bio-farmarske-ovci-a-kozi"
  },
  {
    "name": "Formaggeria Toscana Kořeněný ovčí sýr s lanýžem",
    "price": "99,90 Kč",
    "unit_price": "1427.14 Kč/kg",
    "package_amount": "70 g",
    "subcategory_name": "Sýry BIO a farmářské",
    "subcategory_url": "https://www.rohlik.cz/c300123521-bio-farmarske-ovci-a-kozi"
  },
  {
    "name": "Pinna Brigante sýr bez laktózy",
    "price": "179,90 Kč",
    "unit_price": "899.5 Kč/kg",
    "package_amount": "200 g",
    "subcategory_name": "Sýry BIO a farmářské",
    "subcategory_url": "https://www.rohlik.cz/c300123521-bio-farmarske-ovci-a-kozi"
  },
  {
    "name": "El Pastor Brebis d´Ortrufa ovčí sýr s lanýžem",
    "price": "139,90 Kč",
    "unit_price": "932.67 Kč/kg",
    "package_amount": "150 g",
    "subcategory_name": "Sýry BIO a farmářské",
    "subcategory_url": "https://www.rohlik.cz/c300123521-bio-farmarske-ovci-a-kozi"
  },
  {
    "name": "Statek Horní Dvorce Nakládaná ovčí gouda v oleji",
    "price": "97,90 Kč",
    "unit_price": "1398.57 Kč/kg",
    "package_amount": "70 g",
    "subcategory_name": "Sýry BIO a farmářské",
    "subcategory_url": "https://www.rohlik.cz/c300123521-bio-farmarske-ovci-a-kozi"
  },
  {
    "name": "Kourellas BIO Feta P.D.O. sýr kostky v nálevu",
    "price": "139,90 Kč",
    "unit_price": "932.67 Kč/kg",
    "package_amount": "150 g",
    "subcategory_name": "Sýry BIO a farmářské",
    "subcategory_url": "https://www.rohlik.cz/c300123521-bio-farmarske-ovci-a-kozi"
  },
  {
    "name": "Morbidi Sýr Monna Lisa Fiorita",
    "price": "254,90 Kč",
    "unit_price": "637.25 Kč/kg",
    "package_amount": "400 g",
    "subcategory_name": "Sýry BIO a farmářské",
    "subcategory_url": "https://www.rohlik.cz/c300123521-bio-farmarske-ovci-a-kozi"
  },
  {
    "name": "Morbidi Sýr Pecorino zrající v ořechových listech",
    "price": "499,90 Kč",
    "unit_price": "1110.89 Kč/kg",
    "package_amount": "450 g",
    "subcategory_name": "Sýry BIO a farmářské",
    "subcategory_url": "https://www.rohlik.cz/c300123521-bio-farmarske-ovci-a-kozi"
  },
  {
    "name": "IDS Crottin de Chavignol Kozí sýr CHOP",
    "price": "155,70 Kč",
    "unit_price": "1297.5 Kč/kg",
    "package_amount": "120 g",
    "subcategory_name": "Sýry BIO a farmářské",
    "subcategory_url": "https://www.rohlik.cz/c300123521-bio-farmarske-ovci-a-kozi"
  },
  {
    "name": "Sýrárna Broumov Polotvrdý Broumovský sýr výseč",
    "price": "119,90 Kč",
    "unit_price": "799.33 Kč/kg",
    "package_amount": "150 g",
    "subcategory_name": "Sýry BIO a farmářské",
    "subcategory_url": "https://www.rohlik.cz/c300123521-bio-farmarske-ovci-a-kozi"
  },
  {
    "name": "IDS Selles-sur-Cher kozí sýr",
    "price": "184,90 Kč",
    "unit_price": "1232.67 Kč/kg",
    "package_amount": "150 g",
    "subcategory_name": "Sýry BIO a farmářské",
    "subcategory_url": "https://www.rohlik.cz/c300123521-bio-farmarske-ovci-a-kozi"
  },
  {
    "name": "Morbidi Ricotta stagionata",
    "price": "167,90 Kč",
    "unit_price": "932.78 Kč/kg",
    "package_amount": "180 g",
    "subcategory_name": "Sýry BIO a farmářské",
    "subcategory_url": "https://www.rohlik.cz/c300123521-bio-farmarske-ovci-a-kozi"
  },
  {
    "name": "Kourellas BIO Graviera sýr",
    "price": "179,90 Kč",
    "unit_price": "1199.33 Kč/kg",
    "package_amount": "150 g",
    "subcategory_name": "Sýry BIO a farmářské",
    "subcategory_url": "https://www.rohlik.cz/c300123521-bio-farmarske-ovci-a-kozi"
  },
  {
    "name": "Morbidi Sýr Pecorino s lanýžem",
    "price": "459,90 Kč",
    "unit_price": "1022 Kč/kg",
    "package_amount": "450 g",
    "subcategory_name": "Sýry BIO a farmářské",
    "subcategory_url": "https://www.rohlik.cz/c300123521-bio-farmarske-ovci-a-kozi"
  },
  {
    "name": "Džiugas BIO tvrdý sýr zrající 24 měsíců",
    "price": "162,90 Kč",
    "unit_price": "905 Kč/kg",
    "package_amount": "180 g",
    "subcategory_name": "Sýry BIO a farmářské",
    "subcategory_url": "https://www.rohlik.cz/c300123521-bio-farmarske-ovci-a-kozi"
  },
  {
    "name": "Morbidi Sýr Pecorino s pistáciemi",
    "price": "399,90 Kč",
    "unit_price": "888.67 Kč/kg",
    "package_amount": "450 g",
    "subcategory_name": "Sýry BIO a farmářské",
    "subcategory_url": "https://www.rohlik.cz/c300123521-bio-farmarske-ovci-a-kozi"
  },
  {
    "name": "Alphenaer Kozí sýr kousky",
    "price": "69,90 Kč",
    "unit_price": "699 Kč/kg",
    "package_amount": "100 g",
    "subcategory_name": "Sýry BIO a farmářské",
    "subcategory_url": "https://www.rohlik.cz/c300123521-bio-farmarske-ovci-a-kozi"
  },
  {
    "name": "Président Rondelé s kozím sýrem",
    "price": "51,90 Kč",
    "unit_price": "519 Kč/kg",
    "package_amount": "100 g",
    "subcategory_name": "Sýry BIO a farmářské",
    "subcategory_url": "https://www.rohlik.cz/c300123521-bio-farmarske-ovci-a-kozi"
  },
  {
    "name": "BIO Kozí sýr",
    "price": "106 Kč",
    "unit_price": "876.9 Kč/kg",
    "package_amount": "cca 120 g",
    "subcategory_name": "Sýry BIO a farmářské",
    "subcategory_url": "https://www.rohlik.cz/c300123521-bio-farmarske-ovci-a-kozi"
  },
  {
    "name": "IDS Bleu d'Auvergne CHOP sýr",
    "price": "59,30 Kč",
    "unit_price": "474.4 Kč/kg",
    "package_amount": "125 g",
    "subcategory_name": "Sýry BIO a farmářské",
    "subcategory_url": "https://www.rohlik.cz/c300123521-bio-farmarske-ovci-a-kozi"
  },
  {
    "name": "Goat Farm BIO kozí sýr plátky",
    "price": "77,90 Kč",
    "unit_price": "865.56 Kč/kg",
    "package_amount": "90 g",
    "subcategory_name": "Sýry BIO a farmářské",
    "subcategory_url": "https://www.rohlik.cz/c300123521-bio-farmarske-ovci-a-kozi"
  },
  {
    "name": "Miil Mascarpone",
    "price": "49,90 Kč",
    "unit_price": "199.6 Kč/kg",
    "package_amount": "250 g",
    "subcategory_name": "Sýry - Smetanové",
    "subcategory_url": "https://www.rohlik.cz/c300105031-smetanove-cottage-a-tavene"
  },
  {
    "name": "Miil Cottage sýr",
    "price": "26,90 Kč",
    "unit_price": "134.5 Kč/kg",
    "package_amount": "200 g",
    "subcategory_name": "Sýry - Smetanové",
    "subcategory_url": "https://www.rohlik.cz/c300105031-smetanove-cottage-a-tavene"
  },
  {
    "name": "Lučina",
    "price": "29,90 Kč",
    "unit_price": "299 Kč/kg",
    "package_amount": "100 g",
    "subcategory_name": "Sýry - Smetanové",
    "subcategory_url": "https://www.rohlik.cz/c300105031-smetanove-cottage-a-tavene"
  },
  {
    "name": "Jaroměřická mlékárna Jaroměřické žervé kostka",
    "price": "19,90 Kč",
    "unit_price": "199 Kč/kg",
    "package_amount": "100 g",
    "subcategory_name": "Sýry - Smetanové",
    "subcategory_url": "https://www.rohlik.cz/c300105031-smetanove-cottage-a-tavene"
  },
  {
    "name": "Lučina Přírodní pro celou rodinu",
    "price": "62,90 Kč",
    "unit_price": "349.44 Kč/kg",
    "package_amount": "180 g",
    "subcategory_name": "Sýry - Smetanové",
    "subcategory_url": "https://www.rohlik.cz/c300105031-smetanove-cottage-a-tavene"
  },
  {
    "name": "Madeta Jihočeský cottage sýr bez příchuti",
    "price": "29,90 Kč",
    "unit_price": "199.33 Kč/kg",
    "package_amount": "150 g",
    "subcategory_name": "Sýry - Smetanové",
    "subcategory_url": "https://www.rohlik.cz/c300105031-smetanove-cottage-a-tavene"
  },
  {
    "name": "Matylda BIO Čerstvý smetanový sýr",
    "price": "25,90 Kč",
    "unit_price": "259 Kč/kg",
    "package_amount": "100 g",
    "subcategory_name": "Sýry - Smetanové",
    "subcategory_url": "https://www.rohlik.cz/c300105031-smetanove-cottage-a-tavene"
  },
  {
    "name": "Philadelphia Original Smetanový sýr",
    "price": "57,90 Kč",
    "unit_price": "289.5 Kč/kg",
    "package_amount": "200 g",
    "subcategory_name": "Sýry - Smetanové",
    "subcategory_url": "https://www.rohlik.cz/c300105031-smetanove-cottage-a-tavene"
  },
  {
    "name": "Gervais Original krémový tvarohový sýr",
    "price": "29,90 Kč",
    "unit_price": "373.75 Kč/kg",
    "package_amount": "80 g",
    "subcategory_name": "Sýry - Smetanové",
    "subcategory_url": "https://www.rohlik.cz/c300105031-smetanove-cottage-a-tavene"
  },
  {
    "name": "Lučina Linie",
    "price": "42,90 Kč",
    "unit_price": "357.5 Kč/kg",
    "package_amount": "120 g",
    "subcategory_name": "Sýry - Smetanové",
    "subcategory_url": "https://www.rohlik.cz/c300105031-smetanove-cottage-a-tavene"
  },
  {
    "name": "Lučina Svěží žervé",
    "price": "44,90 Kč",
    "unit_price": "320.71 Kč/kg",
    "package_amount": "140 g",
    "subcategory_name": "Sýry - Smetanové",
    "subcategory_url": "https://www.rohlik.cz/c300105031-smetanove-cottage-a-tavene"
  },
  {
    "name": "Jaroměřická mlékárna Jaroměřické žervé",
    "price": "36,90 Kč",
    "unit_price": "246 Kč/kg",
    "package_amount": "150 g",
    "subcategory_name": "Sýry - Smetanové",
    "subcategory_url": "https://www.rohlik.cz/c300105031-smetanove-cottage-a-tavene"
  },
  {
    "name": "Veselá kráva lahodná",
    "price": "54,90 Kč",
    "unit_price": "457.5 Kč/kg",
    "package_amount": "120 g",
    "subcategory_name": "Sýry - Smetanové",
    "subcategory_url": "https://www.rohlik.cz/c300105031-smetanove-cottage-a-tavene"
  },
  {
    "name": "Gervais Fit protein",
    "price": "29,90 Kč",
    "unit_price": "373.75 Kč/kg",
    "package_amount": "80 g",
    "subcategory_name": "Sýry - Smetanové",
    "subcategory_url": "https://www.rohlik.cz/c300105031-smetanove-cottage-a-tavene"
  },
  {
    "name": "Smetanito Smetanové giga tavený sýr",
    "price": "69,90 Kč",
    "unit_price": "349.5 Kč/kg",
    "package_amount": "200 g",
    "subcategory_name": "Sýry - Smetanové",
    "subcategory_url": "https://www.rohlik.cz/c300105031-smetanove-cottage-a-tavene"
  },
  {
    "name": "Président Delikátní tvaroh pažitka",
    "price": "21,90 Kč",
    "unit_price": "175.2 Kč/kg",
    "package_amount": "125 g",
    "subcategory_name": "Sýry - Smetanové",
    "subcategory_url": "https://www.rohlik.cz/c300105031-smetanove-cottage-a-tavene"
  },
  {
    "name": "Madeta Jihočeský cottage sýr Fit",
    "price": "29,90 Kč",
    "unit_price": "199.33 Kč/kg",
    "package_amount": "150 g",
    "subcategory_name": "Sýry - Smetanové",
    "subcategory_url": "https://www.rohlik.cz/c300105031-smetanove-cottage-a-tavene"
  },
  {
    "name": "Lučina Nadýchaná bez laktózy",
    "price": "53,90 Kč",
    "unit_price": "385 Kč/kg",
    "package_amount": "140 g",
    "subcategory_name": "Sýry - Smetanové",
    "subcategory_url": "https://www.rohlik.cz/c300105031-smetanove-cottage-a-tavene"
  },
  {
    "name": "Lučina & Skyr",
    "price": "42,90 Kč",
    "unit_price": "357.5 Kč/kg",
    "package_amount": "120 g",
    "subcategory_name": "Sýry - Smetanové",
    "subcategory_url": "https://www.rohlik.cz/c300105031-smetanove-cottage-a-tavene"
  },
  {
    "name": "Veselá Kráva Sýr a křup 4 ks",
    "price": "69,90 Kč",
    "unit_price": "499.29 Kč/kg",
    "package_amount": "140 g",
    "subcategory_name": "Sýry - Smetanové",
    "subcategory_url": "https://www.rohlik.cz/c300105031-smetanove-cottage-a-tavene"
  },
  {
    "name": "Philadelphia Original Smetanový sýr",
    "price": "41,90 Kč",
    "unit_price": "335.2 Kč/kg",
    "package_amount": "125 g",
    "subcategory_name": "Sýry - Smetanové",
    "subcategory_url": "https://www.rohlik.cz/c300105031-smetanove-cottage-a-tavene"
  },
  {
    "name": "Meggle Cottage sýr light",
    "price": "40,90 Kč",
    "unit_price": "227.22 Kč/kg",
    "package_amount": "180 g",
    "subcategory_name": "Sýry - Smetanové",
    "subcategory_url": "https://www.rohlik.cz/c300105031-smetanove-cottage-a-tavene"
  },
  {
    "name": "Gervais Original krémový tvarohový sýr s pažitkou",
    "price": "29,90 Kč",
    "unit_price": "373.75 Kč/kg",
    "package_amount": "80 g",
    "subcategory_name": "Sýry - Smetanové",
    "subcategory_url": "https://www.rohlik.cz/c300105031-smetanove-cottage-a-tavene"
  },
  {
    "name": "Milko Žervé krémové",
    "price": "24,90 Kč",
    "unit_price": "311.25 Kč/kg",
    "package_amount": "80 g",
    "subcategory_name": "Sýry - Smetanové",
    "subcategory_url": "https://www.rohlik.cz/c300105031-smetanove-cottage-a-tavene"
  },
  {
    "name": "Madeta Jihočeský natur cottage bez laktózy 7 %",
    "price": "32,90 Kč",
    "unit_price": "219.33 Kč/kg",
    "package_amount": "150 g",
    "subcategory_name": "Sýry - Smetanové",
    "subcategory_url": "https://www.rohlik.cz/c300105031-smetanove-cottage-a-tavene"
  },
  {
    "name": "Président Cheddar sýr toast plátky",
    "price": "74,90 Kč",
    "unit_price": "374.5 Kč/kg",
    "package_amount": "200 g",
    "subcategory_name": "Sýry - Smetanové",
    "subcategory_url": "https://www.rohlik.cz/c300105031-smetanove-cottage-a-tavene"
  },
  {
    "name": "Lučina Pro děti",
    "price": "41,90 Kč",
    "unit_price": "419 Kč/kg",
    "package_amount": "100 g",
    "subcategory_name": "Sýry - Smetanové",
    "subcategory_url": "https://www.rohlik.cz/c300105031-smetanove-cottage-a-tavene"
  },
  {
    "name": "Lučina Nadýchaná se smetanou",
    "price": "51,90 Kč",
    "unit_price": "370.71 Kč/kg",
    "package_amount": "140 g",
    "subcategory_name": "Sýry - Smetanové",
    "subcategory_url": "https://www.rohlik.cz/c300105031-smetanove-cottage-a-tavene"
  },
  {
    "name": "Meggle Cottage sýr přírodní",
    "price": "40,90 Kč",
    "unit_price": "227.22 Kč/kg",
    "package_amount": "180 g",
    "subcategory_name": "Sýry - Smetanové",
    "subcategory_url": "https://www.rohlik.cz/c300105031-smetanove-cottage-a-tavene"
  },
  {
    "name": "Kiri Sýr přírodní",
    "price": "44,90 Kč",
    "unit_price": "449 Kč/kg",
    "package_amount": "100 g",
    "subcategory_name": "Sýry - Smetanové",
    "subcategory_url": "https://www.rohlik.cz/c300105031-smetanove-cottage-a-tavene"
  },
  {
    "name": "Président Delikátní tvaroh",
    "price": "21,90 Kč",
    "unit_price": "175.2 Kč/kg",
    "package_amount": "125 g",
    "subcategory_name": "Sýry - Smetanové",
    "subcategory_url": "https://www.rohlik.cz/c300105031-smetanove-cottage-a-tavene"
  },
  {
    "name": "Président Delikátní tvaroh ředkvička",
    "price": "21,90 Kč",
    "unit_price": "175.2 Kč/kg",
    "package_amount": "125 g",
    "subcategory_name": "Sýry - Smetanové",
    "subcategory_url": "https://www.rohlik.cz/c300105031-smetanove-cottage-a-tavene"
  },
  {
    "name": "Sterilgarda Mascarpone",
    "price": "121,60 Kč",
    "unit_price": "243.2 Kč/kg",
    "package_amount": "500 g",
    "subcategory_name": "Sýry - Smetanové",
    "subcategory_url": "https://www.rohlik.cz/c300105031-smetanove-cottage-a-tavene"
  },
  {
    "name": "Apetito tavené plátky do toustů Gouda",
    "price": "43,90 Kč",
    "unit_price": "337.69 Kč/kg",
    "package_amount": "130 g",
    "subcategory_name": "Sýry - Smetanové",
    "subcategory_url": "https://www.rohlik.cz/c300105031-smetanove-cottage-a-tavene"
  },
  {
    "name": "Veselá kráva Sýr a křup s šunkovou příchutí",
    "price": "19,90 Kč",
    "unit_price": "568.57 Kč/kg",
    "package_amount": "35 g",
    "subcategory_name": "Sýry - Smetanové",
    "subcategory_url": "https://www.rohlik.cz/c300105031-smetanove-cottage-a-tavene"
  },
  {
    "name": "Eru Gouda tavený sýr",
    "price": "38,90 Kč",
    "unit_price": "389 Kč/kg",
    "package_amount": "100 g",
    "subcategory_name": "Sýry - Smetanové",
    "subcategory_url": "https://www.rohlik.cz/c300105031-smetanove-cottage-a-tavene"
  },
  {
    "name": "Président Delikátní tvaroh rajče",
    "price": "21,90 Kč",
    "unit_price": "175.2 Kč/kg",
    "package_amount": "125 g",
    "subcategory_name": "Sýry - Smetanové",
    "subcategory_url": "https://www.rohlik.cz/c300105031-smetanove-cottage-a-tavene"
  },
  {
    "name": "Kiri Křup Tavený sýr a trvanlivé pečivo",
    "price": "19,90 Kč",
    "unit_price": "568.57 Kč/kg",
    "package_amount": "35 g",
    "subcategory_name": "Sýry - Smetanové",
    "subcategory_url": "https://www.rohlik.cz/c300105031-smetanove-cottage-a-tavene"
  },
  {
    "name": "Smetanito Smetanové tavený sýr",
    "price": "39,90 Kč",
    "unit_price": "266 Kč/kg",
    "package_amount": "150 g",
    "subcategory_name": "Sýry - Smetanové",
    "subcategory_url": "https://www.rohlik.cz/c300105031-smetanove-cottage-a-tavene"
  },
  {
    "name": "Madeta Jihočeské Lipno extra smetanové",
    "price": "39,90 Kč",
    "unit_price": "285 Kč/kg",
    "package_amount": "140 g",
    "subcategory_name": "Sýry - Smetanové",
    "subcategory_url": "https://www.rohlik.cz/c300105031-smetanove-cottage-a-tavene"
  },
  {
    "name": "Gervais Natur čerstvý sýr vanička",
    "price": "62,90 Kč",
    "unit_price": "314.5 Kč/kg",
    "package_amount": "200 g",
    "subcategory_name": "Sýry - Smetanové",
    "subcategory_url": "https://www.rohlik.cz/c300105031-smetanove-cottage-a-tavene"
  },
  {
    "name": "Président Rondelé s vlašskými ořechy",
    "price": "51,90 Kč",
    "unit_price": "519 Kč/kg",
    "package_amount": "100 g",
    "subcategory_name": "Sýry - Smetanové",
    "subcategory_url": "https://www.rohlik.cz/c300105031-smetanove-cottage-a-tavene"
  },
  {
    "name": "Philadelphia Light Smetanový sýr",
    "price": "39,90 Kč",
    "unit_price": "319.2 Kč/kg",
    "package_amount": "125 g",
    "subcategory_name": "Sýry - Smetanové",
    "subcategory_url": "https://www.rohlik.cz/c300105031-smetanove-cottage-a-tavene"
  },
  {
    "name": "Gervais Original s jarní cibulkou",
    "price": "29,90 Kč",
    "unit_price": "373.75 Kč/kg",
    "package_amount": "80 g",
    "subcategory_name": "Sýry - Smetanové",
    "subcategory_url": "https://www.rohlik.cz/c300105031-smetanove-cottage-a-tavene"
  },
  {
    "name": "Milko Žervé s paprikou",
    "price": "24,90 Kč",
    "unit_price": "311.25 Kč/kg",
    "package_amount": "80 g",
    "subcategory_name": "Sýry - Smetanové",
    "subcategory_url": "https://www.rohlik.cz/c300105031-smetanove-cottage-a-tavene"
  },
  {
    "name": "Lučina Svěží žervé natur",
    "price": "29,90 Kč",
    "unit_price": "373.75 Kč/kg",
    "package_amount": "80 g",
    "subcategory_name": "Sýry - Smetanové",
    "subcategory_url": "https://www.rohlik.cz/c300105031-smetanove-cottage-a-tavene"
  },
  {
    "name": "Président Tavený sýr se smetanou",
    "price": "36,90 Kč",
    "unit_price": "246 Kč/kg",
    "package_amount": "150 g",
    "subcategory_name": "Sýry - Smetanové",
    "subcategory_url": "https://www.rohlik.cz/c300105031-smetanove-cottage-a-tavene"
  },
  {
    "name": "Veselá kráva Smetanová",
    "price": "39,90 Kč",
    "unit_price": "399 Kč/kg",
    "package_amount": "100 g",
    "subcategory_name": "Sýry - Smetanové",
    "subcategory_url": "https://www.rohlik.cz/c300105031-smetanove-cottage-a-tavene"
  },
  {
    "name": "Milko BIO Tavený sýr 3v1",
    "price": "26,90 Kč",
    "unit_price": "336.25 Kč/kg",
    "package_amount": "80 g",
    "subcategory_name": "Sýry - Smetanové",
    "subcategory_url": "https://www.rohlik.cz/c300105031-smetanove-cottage-a-tavene"
  },
  {
    "name": "Veselá kráva Sýr a křup s příchutí pizza 4 ks",
    "price": "69,90 Kč",
    "unit_price": "499.29 Kč/kg",
    "package_amount": "140 g",
    "subcategory_name": "Sýry - Smetanové",
    "subcategory_url": "https://www.rohlik.cz/c300105031-smetanove-cottage-a-tavene"
  },
  {
    "name": "Madeta Jihočeské žervé",
    "price": "23,90 Kč",
    "unit_price": "265.56 Kč/kg",
    "package_amount": "90 g",
    "subcategory_name": "Sýry - Smetanové",
    "subcategory_url": "https://www.rohlik.cz/c300105031-smetanove-cottage-a-tavene"
  },
  {
    "name": "Kiri Křup Tavený sýr a trvanlivé pečivo family pack 3×35 g",
    "price": "59,90 Kč",
    "unit_price": "570.48 Kč/kg",
    "package_amount": "105 g",
    "subcategory_name": "Sýry - Smetanové",
    "subcategory_url": "https://www.rohlik.cz/c300105031-smetanove-cottage-a-tavene"
  },
  {
    "name": "Meggle Cottage sýr bezlaktózový",
    "price": "45,90 Kč",
    "unit_price": "255 Kč/kg",
    "package_amount": "180 g",
    "subcategory_name": "Sýry - Smetanové",
    "subcategory_url": "https://www.rohlik.cz/c300105031-smetanove-cottage-a-tavene"
  },
  {
    "name": "Milko Žervé s kozím tvarohem",
    "price": "24,90 Kč",
    "unit_price": "311.25 Kč/kg",
    "package_amount": "80 g",
    "subcategory_name": "Sýry - Smetanové",
    "subcategory_url": "https://www.rohlik.cz/c300105031-smetanove-cottage-a-tavene"
  },
  {
    "name": "Kromilk Sýr čerstvý smetanový 60%",
    "price": "36,90 Kč",
    "unit_price": "369 Kč/kg",
    "package_amount": "100 g",
    "subcategory_name": "Sýry - Smetanové",
    "subcategory_url": "https://www.rohlik.cz/c300105031-smetanove-cottage-a-tavene"
  },
  {
    "name": "Madeta High protein cottage natur",
    "price": "42,90 Kč",
    "unit_price": "214.5 Kč/kg",
    "package_amount": "200 g",
    "subcategory_name": "Sýry - Smetanové",
    "subcategory_url": "https://www.rohlik.cz/c300105031-smetanove-cottage-a-tavene"
  },
  {
    "name": "Smetanito Tavený sýr krémový",
    "price": "49,90 Kč",
    "unit_price": "356.43 Kč/kg",
    "package_amount": "140 g",
    "subcategory_name": "Sýry - Smetanové",
    "subcategory_url": "https://www.rohlik.cz/c300105031-smetanove-cottage-a-tavene"
  },
  {
    "name": "Rohlik.cz BIO Tvarohová pomazánka",
    "price": "44,90 Kč",
    "unit_price": "299.33 Kč/kg",
    "package_amount": "150 g",
    "subcategory_name": "Sýry - Smetanové",
    "subcategory_url": "https://www.rohlik.cz/c300105031-smetanove-cottage-a-tavene"
  },
  {
    "name": "Apetito tavený sýr",
    "price": "49,90 Kč",
    "unit_price": "332.67 Kč/kg",
    "package_amount": "150 g",
    "subcategory_name": "Sýry - Smetanové",
    "subcategory_url": "https://www.rohlik.cz/c300105031-smetanove-cottage-a-tavene"
  },
  {
    "name": "Président Tavený sýr Čedar",
    "price": "36,90 Kč",
    "unit_price": "246 Kč/kg",
    "package_amount": "150 g",
    "subcategory_name": "Sýry - Smetanové",
    "subcategory_url": "https://www.rohlik.cz/c300105031-smetanove-cottage-a-tavene"
  },
  {
    "name": "Madeta Jihočeské Lipno se šunkou",
    "price": "39,90 Kč",
    "unit_price": "285 Kč/kg",
    "package_amount": "140 g",
    "subcategory_name": "Sýry - Smetanové",
    "subcategory_url": "https://www.rohlik.cz/c300105031-smetanove-cottage-a-tavene"
  },
  {
    "name": "Président Rondelé Sel de Camargue",
    "price": "51,90 Kč",
    "unit_price": "519 Kč/kg",
    "package_amount": "100 g",
    "subcategory_name": "Sýry - Smetanové",
    "subcategory_url": "https://www.rohlik.cz/c300105031-smetanove-cottage-a-tavene"
  },
  {
    "name": "Formagia Mascarpone",
    "price": "129,90 Kč",
    "unit_price": "259.8 Kč/kg",
    "package_amount": "500 g",
    "subcategory_name": "Sýry - Smetanové",
    "subcategory_url": "https://www.rohlik.cz/c300105031-smetanove-cottage-a-tavene"
  },
  {
    "name": "Lučina se smetanou",
    "price": "42,90 Kč",
    "unit_price": "357.5 Kč/kg",
    "package_amount": "120 g",
    "subcategory_name": "Sýry - Smetanové",
    "subcategory_url": "https://www.rohlik.cz/c300105031-smetanove-cottage-a-tavene"
  },
  {
    "name": "Lučina Nadýchaná s bylinkami",
    "price": "51,90 Kč",
    "unit_price": "370.71 Kč/kg",
    "package_amount": "140 g",
    "subcategory_name": "Sýry - Smetanové",
    "subcategory_url": "https://www.rohlik.cz/c300105031-smetanove-cottage-a-tavene"
  },
  {
    "name": "Eru Maasdammer tavený sýr",
    "price": "38,90 Kč",
    "unit_price": "389 Kč/kg",
    "package_amount": "100 g",
    "subcategory_name": "Sýry - Smetanové",
    "subcategory_url": "https://www.rohlik.cz/c300105031-smetanove-cottage-a-tavene"
  },
  {
    "name": "Président Rondelé Au Bleu d'Aveyron",
    "price": "51,90 Kč",
    "unit_price": "519 Kč/kg",
    "package_amount": "100 g",
    "subcategory_name": "Sýry - Smetanové",
    "subcategory_url": "https://www.rohlik.cz/c300105031-smetanove-cottage-a-tavene"
  },
  {
    "name": "Alnatura BIO Sýr cottage",
    "price": "43,90 Kč",
    "unit_price": "219.5 Kč/kg",
    "package_amount": "200 g",
    "subcategory_name": "Sýry - Smetanové",
    "subcategory_url": "https://www.rohlik.cz/c300105031-smetanove-cottage-a-tavene"
  },
  {
    "name": "Bambino Originál",
    "price": "33,90 Kč",
    "unit_price": "339 Kč/kg",
    "package_amount": "100 g",
    "subcategory_name": "Sýry - Smetanové",
    "subcategory_url": "https://www.rohlik.cz/c300105031-smetanove-cottage-a-tavene"
  },
  {
    "name": "Milko Žervé s pažitkou",
    "price": "24,90 Kč",
    "unit_price": "311.25 Kč/kg",
    "package_amount": "80 g",
    "subcategory_name": "Sýry - Smetanové",
    "subcategory_url": "https://www.rohlik.cz/c300105031-smetanove-cottage-a-tavene"
  },
  {
    "name": "Philadelphia Smetanový sýr s bylinkami",
    "price": "41,90 Kč",
    "unit_price": "335.2 Kč/kg",
    "package_amount": "125 g",
    "subcategory_name": "Sýry - Smetanové",
    "subcategory_url": "https://www.rohlik.cz/c300105031-smetanove-cottage-a-tavene"
  },
  {
    "name": "Smetanito Neodolatelné s ementálem",
    "price": "49,90 Kč",
    "unit_price": "356.43 Kč/kg",
    "package_amount": "140 g",
    "subcategory_name": "Sýry - Smetanové",
    "subcategory_url": "https://www.rohlik.cz/c300105031-smetanove-cottage-a-tavene"
  },
  {
    "name": "Gervais Original krémový tvarohový sýr s paprikou a rajčaty",
    "price": "53,90 Kč",
    "unit_price": "317.06 Kč/kg",
    "package_amount": "170 g",
    "subcategory_name": "Sýry - Smetanové",
    "subcategory_url": "https://www.rohlik.cz/c300105031-smetanove-cottage-a-tavene"
  },
  {
    "name": "Madeta Jihočeský cottage natur XXL",
    "price": "39,90 Kč",
    "unit_price": "199.5 Kč/kg",
    "package_amount": "200 g",
    "subcategory_name": "Sýry - Smetanové",
    "subcategory_url": "https://www.rohlik.cz/c300105031-smetanove-cottage-a-tavene"
  },
  {
    "name": "Veselá kráva Sýr a křup přírodní",
    "price": "19,90 Kč",
    "unit_price": "568.57 Kč/kg",
    "package_amount": "35 g",
    "subcategory_name": "Sýry - Smetanové",
    "subcategory_url": "https://www.rohlik.cz/c300105031-smetanove-cottage-a-tavene"
  },
  {
    "name": "Gervais Original krémový tvarohový sýr s chilli",
    "price": "29,90 Kč",
    "unit_price": "373.75 Kč/kg",
    "package_amount": "80 g",
    "subcategory_name": "Sýry - Smetanové",
    "subcategory_url": "https://www.rohlik.cz/c300105031-smetanove-cottage-a-tavene"
  },
  {
    "name": "Arla Smetanový sýr natur bez laktózy",
    "price": "59,90 Kč",
    "unit_price": "299.5 Kč/kg",
    "package_amount": "200 g",
    "subcategory_name": "Sýry - Smetanové",
    "subcategory_url": "https://www.rohlik.cz/c300105031-smetanove-cottage-a-tavene"
  },
  {
    "name": "Lučina Svěží žervé s pažitkou",
    "price": "29,90 Kč",
    "unit_price": "373.75 Kč/kg",
    "package_amount": "80 g",
    "subcategory_name": "Sýry - Smetanové",
    "subcategory_url": "https://www.rohlik.cz/c300105031-smetanove-cottage-a-tavene"
  },
  {
    "name": "Galbani Mascarpone",
    "price": "74,90 Kč",
    "unit_price": "299.6 Kč/kg",
    "package_amount": "250 g",
    "subcategory_name": "Sýry - Smetanové",
    "subcategory_url": "https://www.rohlik.cz/c300105031-smetanove-cottage-a-tavene"
  },
  {
    "name": "Parmareggio Tavený sýr s Parmigiano Reggiano",
    "price": "59,90 Kč",
    "unit_price": "427.86 Kč/kg",
    "package_amount": "140 g",
    "subcategory_name": "Sýry - Smetanové",
    "subcategory_url": "https://www.rohlik.cz/c300105031-smetanove-cottage-a-tavene"
  },
  {
    "name": "Kiri Křup tavený sýr a pizza tyčinky",
    "price": "19,90 Kč",
    "unit_price": "568.57 Kč/kg",
    "package_amount": "35 g",
    "subcategory_name": "Sýry - Smetanové",
    "subcategory_url": "https://www.rohlik.cz/c300105031-smetanove-cottage-a-tavene"
  },
  {
    "name": "Boursin Čerstvý sýr s česnekem a bylinkami",
    "price": "82,60 Kč",
    "unit_price": "550.67 Kč/kg",
    "package_amount": "150 g",
    "subcategory_name": "Sýry - Smetanové",
    "subcategory_url": "https://www.rohlik.cz/c300105031-smetanove-cottage-a-tavene"
  },
  {
    "name": "Laktos Jemný tavený sýr klasik",
    "price": "25,14 Kč",
    "unit_price": "314.25 Kč/kg",
    "package_amount": "80 g",
    "subcategory_name": "Sýry - Smetanové",
    "subcategory_url": "https://www.rohlik.cz/c300105031-smetanove-cottage-a-tavene"
  },
  {
    "name": "Lučina Svěží žervé s jogurtem",
    "price": "29,90 Kč",
    "unit_price": "373.75 Kč/kg",
    "package_amount": "80 g",
    "subcategory_name": "Sýry - Smetanové",
    "subcategory_url": "https://www.rohlik.cz/c300105031-smetanove-cottage-a-tavene"
  },
  {
    "name": "Veselá kráva Bez laktózy",
    "price": "53,90 Kč",
    "unit_price": "449.17 Kč/kg",
    "package_amount": "120 g",
    "subcategory_name": "Sýry - Smetanové",
    "subcategory_url": "https://www.rohlik.cz/c300105031-smetanove-cottage-a-tavene"
  },
  {
    "name": "Philadelphia Smetanový sýr bez laktózy",
    "price": "57,90 Kč",
    "unit_price": "386 Kč/kg",
    "package_amount": "150 g",
    "subcategory_name": "Sýry - Smetanové",
    "subcategory_url": "https://www.rohlik.cz/c300105031-smetanove-cottage-a-tavene"
  },
  {
    "name": "Meggle Cottage sýr s chilli",
    "price": "40,90 Kč",
    "unit_price": "227.22 Kč/kg",
    "package_amount": "180 g",
    "subcategory_name": "Sýry - Smetanové",
    "subcategory_url": "https://www.rohlik.cz/c300105031-smetanove-cottage-a-tavene"
  },
  {
    "name": "Philadelphia Milka",
    "price": "69,90 Kč",
    "unit_price": "399.43 Kč/kg",
    "package_amount": "175 g",
    "subcategory_name": "Sýry - Smetanové",
    "subcategory_url": "https://www.rohlik.cz/c300105031-smetanove-cottage-a-tavene"
  },
  {
    "name": "Biofarma DoRa BIO Kozí žervé",
    "price": "67,90 Kč",
    "unit_price": "377.22 Kč/kg",
    "package_amount": "180 g",
    "subcategory_name": "Sýry - Smetanové",
    "subcategory_url": "https://www.rohlik.cz/c300105031-smetanove-cottage-a-tavene"
  },
  {
    "name": "Javor Jemný tavený výrobek",
    "price": "52,90 Kč",
    "unit_price": "377.86 Kč/kg",
    "package_amount": "140 g",
    "subcategory_name": "Sýry - Smetanové",
    "subcategory_url": "https://www.rohlik.cz/c300105031-smetanove-cottage-a-tavene"
  },
  {
    "name": "Veselá kráva Sýr a křup s pizza příchutí",
    "price": "19,90 Kč",
    "unit_price": "568.57 Kč/kg",
    "package_amount": "35 g",
    "subcategory_name": "Sýry - Smetanové",
    "subcategory_url": "https://www.rohlik.cz/c300105031-smetanove-cottage-a-tavene"
  },
  {
    "name": "Hollandia Čerstvý sýr s jogurtem méně soli",
    "price": "39,90 Kč",
    "unit_price": "319.2 Kč/kg",
    "package_amount": "125 g",
    "subcategory_name": "Sýry - Smetanové",
    "subcategory_url": "https://www.rohlik.cz/c300105031-smetanove-cottage-a-tavene"
  },
  {
    "name": "Meggle Cottage sýr s pažitkou",
    "price": "40,90 Kč",
    "unit_price": "227.22 Kč/kg",
    "package_amount": "180 g",
    "subcategory_name": "Sýry - Smetanové",
    "subcategory_url": "https://www.rohlik.cz/c300105031-smetanove-cottage-a-tavene"
  },
  {
    "name": "Président Tavený sýr Camembert",
    "price": "36,90 Kč",
    "unit_price": "246 Kč/kg",
    "package_amount": "150 g",
    "subcategory_name": "Sýry - Smetanové",
    "subcategory_url": "https://www.rohlik.cz/c300105031-smetanove-cottage-a-tavene"
  },
  {
    "name": "Madeta Jihočeské žervé křen",
    "price": "23,90 Kč",
    "unit_price": "265.56 Kč/kg",
    "package_amount": "90 g",
    "subcategory_name": "Sýry - Smetanové",
    "subcategory_url": "https://www.rohlik.cz/c300105031-smetanove-cottage-a-tavene"
  },
  {
    "name": "Hollandia Čerstvý sýr s jogurtem originál",
    "price": "39,90 Kč",
    "unit_price": "319.2 Kč/kg",
    "package_amount": "125 g",
    "subcategory_name": "Sýry - Smetanové",
    "subcategory_url": "https://www.rohlik.cz/c300105031-smetanove-cottage-a-tavene"
  },
  {
    "name": "Eru Gruyere tavený sýr",
    "price": "38,90 Kč",
    "unit_price": "389 Kč/kg",
    "package_amount": "100 g",
    "subcategory_name": "Sýry - Smetanové",
    "subcategory_url": "https://www.rohlik.cz/c300105031-smetanove-cottage-a-tavene"
  },
  {
    "name": "Président Tavené plátky Emmental",
    "price": "74,90 Kč",
    "unit_price": "374.5 Kč/kg",
    "package_amount": "200 g",
    "subcategory_name": "Sýry - Smetanové",
    "subcategory_url": "https://www.rohlik.cz/c300105031-smetanove-cottage-a-tavene"
  },
  {
    "name": "Gervais Sýr de la Crème",
    "price": "54,90 Kč",
    "unit_price": "305 Kč/kg",
    "package_amount": "180 g",
    "subcategory_name": "Sýry - Smetanové",
    "subcategory_url": "https://www.rohlik.cz/c300105031-smetanove-cottage-a-tavene"
  },
  {
    "name": "Smetanito Tavený sýr s krůtí šunkou",
    "price": "49,90 Kč",
    "unit_price": "356.43 Kč/kg",
    "package_amount": "140 g",
    "subcategory_name": "Sýry - Smetanové",
    "subcategory_url": "https://www.rohlik.cz/c300105031-smetanove-cottage-a-tavene"
  },
  {
    "name": "Parmareggio Parmigiano Reggiano toast plátky",
    "price": "68,90 Kč",
    "unit_price": "459.33 Kč/kg",
    "package_amount": "150 g",
    "subcategory_name": "Sýry - Smetanové",
    "subcategory_url": "https://www.rohlik.cz/c300105031-smetanove-cottage-a-tavene"
  },
  {
    "name": "Moravia Jemný tavený máslový sýr",
    "price": "49,90 Kč",
    "unit_price": "399.2 Kč/kg",
    "package_amount": "125 g",
    "subcategory_name": "Sýry - Smetanové",
    "subcategory_url": "https://www.rohlik.cz/c300105031-smetanove-cottage-a-tavene"
  },
  {
    "name": "Lučina s pažitkou",
    "price": "42,90 Kč",
    "unit_price": "357.5 Kč/kg",
    "package_amount": "120 g",
    "subcategory_name": "Sýry - Smetanové",
    "subcategory_url": "https://www.rohlik.cz/c300105031-smetanove-cottage-a-tavene"
  },
  {
    "name": "Rians Le Roule čerstvý sýr s ananasem",
    "price": "74,80 Kč",
    "unit_price": "598.4 Kč/kg",
    "package_amount": "125 g",
    "subcategory_name": "Sýry - Smetanové",
    "subcategory_url": "https://www.rohlik.cz/c300105031-smetanove-cottage-a-tavene"
  },
  {
    "name": "Philadelphia Smetanový sýr proteinový",
    "price": "61,90 Kč",
    "unit_price": "353.71 Kč/kg",
    "package_amount": "175 g",
    "subcategory_name": "Sýry - Smetanové",
    "subcategory_url": "https://www.rohlik.cz/c300105031-smetanove-cottage-a-tavene"
  },
  {
    "name": "Madeta Jihočeské Lipno s nivou",
    "price": "39,90 Kč",
    "unit_price": "285 Kč/kg",
    "package_amount": "140 g",
    "subcategory_name": "Sýry - Smetanové",
    "subcategory_url": "https://www.rohlik.cz/c300105031-smetanove-cottage-a-tavene"
  },
  {
    "name": "Gervais Sýr de la Crème s česnekem a bylinkami",
    "price": "54,90 Kč",
    "unit_price": "305 Kč/kg",
    "package_amount": "180 g",
    "subcategory_name": "Sýry - Smetanové",
    "subcategory_url": "https://www.rohlik.cz/c300105031-smetanove-cottage-a-tavene"
  },
  {
    "name": "Gervais Original 4 druhy pepře",
    "price": "29,90 Kč",
    "unit_price": "373.75 Kč/kg",
    "package_amount": "80 g",
    "subcategory_name": "Sýry - Smetanové",
    "subcategory_url": "https://www.rohlik.cz/c300105031-smetanove-cottage-a-tavene"
  },
  {
    "name": "Madeta Jihočeské žervé pažitka",
    "price": "23,90 Kč",
    "unit_price": "265.56 Kč/kg",
    "package_amount": "90 g",
    "subcategory_name": "Sýry - Smetanové",
    "subcategory_url": "https://www.rohlik.cz/c300105031-smetanove-cottage-a-tavene"
  },
  {
    "name": "Rohlik.cz BIO Tavený sýr Mazánek",
    "price": "55,90 Kč",
    "unit_price": "399.29 Kč/kg",
    "package_amount": "140 g",
    "subcategory_name": "Sýry - Smetanové",
    "subcategory_url": "https://www.rohlik.cz/c300105031-smetanove-cottage-a-tavene"
  },
  {
    "name": "Old Amsterdam Cream tavený sýr",
    "price": "82,90 Kč",
    "unit_price": "663.2 Kč/kg",
    "package_amount": "125 g",
    "subcategory_name": "Sýry - Smetanové",
    "subcategory_url": "https://www.rohlik.cz/c300105031-smetanove-cottage-a-tavene"
  },
  {
    "name": "Apetito se šunkou",
    "price": "49,90 Kč",
    "unit_price": "356.43 Kč/kg",
    "package_amount": "140 g",
    "subcategory_name": "Sýry - Smetanové",
    "subcategory_url": "https://www.rohlik.cz/c300105031-smetanove-cottage-a-tavene"
  },
  {
    "name": "Veselá kráva Bylinková",
    "price": "39,90 Kč",
    "unit_price": "399 Kč/kg",
    "package_amount": "100 g",
    "subcategory_name": "Sýry - Smetanové",
    "subcategory_url": "https://www.rohlik.cz/c300105031-smetanove-cottage-a-tavene"
  },
  {
    "name": "Bambino s parenicou",
    "price": "33,90 Kč",
    "unit_price": "339 Kč/kg",
    "package_amount": "100 g",
    "subcategory_name": "Sýry - Smetanové",
    "subcategory_url": "https://www.rohlik.cz/c300105031-smetanove-cottage-a-tavene"
  },
  {
    "name": "Almette Tvarohový sýr s bylinkami bez laktózy",
    "price": "59,90 Kč",
    "unit_price": "399.33 Kč/kg",
    "package_amount": "150 g",
    "subcategory_name": "Sýry - Smetanové",
    "subcategory_url": "https://www.rohlik.cz/c300105031-smetanove-cottage-a-tavene"
  },
  {
    "name": "Apetito Palivec s feferonkami",
    "price": "49,90 Kč",
    "unit_price": "356.43 Kč/kg",
    "package_amount": "140 g",
    "subcategory_name": "Sýry - Smetanové",
    "subcategory_url": "https://www.rohlik.cz/c300105031-smetanove-cottage-a-tavene"
  },
  {
    "name": "Apetito omáčka Quattro formaggi",
    "price": "49,90 Kč",
    "unit_price": "332.67 Kč/kg",
    "package_amount": "150 g",
    "subcategory_name": "Sýry - Smetanové",
    "subcategory_url": "https://www.rohlik.cz/c300105031-smetanove-cottage-a-tavene"
  },
  {
    "name": "Koliba Obazda tavený sýr s camembertem",
    "price": "32,90 Kč",
    "unit_price": "329 Kč/kg",
    "package_amount": "100 g",
    "subcategory_name": "Sýry - Smetanové",
    "subcategory_url": "https://www.rohlik.cz/c300105031-smetanove-cottage-a-tavene"
  },
  {
    "name": "Président Tartimalin smetanový sýr",
    "price": "194,60 Kč",
    "unit_price": "194.6 Kč/kg",
    "package_amount": "1 kg",
    "subcategory_name": "Sýry - Smetanové",
    "subcategory_url": "https://www.rohlik.cz/c300105031-smetanove-cottage-a-tavene"
  },
  {
    "name": "Apetito omáčka s ementálem",
    "price": "49,90 Kč",
    "unit_price": "332.67 Kč/kg",
    "package_amount": "150 g",
    "subcategory_name": "Sýry - Smetanové",
    "subcategory_url": "https://www.rohlik.cz/c300105031-smetanove-cottage-a-tavene"
  },
  {
    "name": "Inalpi Tavený sýr & Grana Padana, plátky",
    "price": "49,90 Kč",
    "unit_price": "332.67 Kč/kg",
    "package_amount": "150 g",
    "subcategory_name": "Sýry - Smetanové",
    "subcategory_url": "https://www.rohlik.cz/c300105031-smetanove-cottage-a-tavene"
  },
  {
    "name": "Almette Tvarohový sýr bez laktózy",
    "price": "59,90 Kč",
    "unit_price": "399.33 Kč/kg",
    "package_amount": "150 g",
    "subcategory_name": "Sýry - Smetanové",
    "subcategory_url": "https://www.rohlik.cz/c300105031-smetanove-cottage-a-tavene"
  },
  {
    "name": "Arla Smetanový sýr česnek bez laktózy",
    "price": "59,90 Kč",
    "unit_price": "299.5 Kč/kg",
    "package_amount": "200 g",
    "subcategory_name": "Sýry - Smetanové",
    "subcategory_url": "https://www.rohlik.cz/c300105031-smetanove-cottage-a-tavene"
  },
  {
    "name": "Eru Kids tavený sýr",
    "price": "38,90 Kč",
    "unit_price": "389 Kč/kg",
    "package_amount": "100 g",
    "subcategory_name": "Sýry - Smetanové",
    "subcategory_url": "https://www.rohlik.cz/c300105031-smetanove-cottage-a-tavene"
  },
  {
    "name": "Laktos Laktosáček přírodní termizovaný čerstvý sýr",
    "price": "20,90 Kč",
    "unit_price": "261.25 Kč/kg",
    "package_amount": "80 g",
    "subcategory_name": "Sýry - Smetanové",
    "subcategory_url": "https://www.rohlik.cz/c300105031-smetanove-cottage-a-tavene"
  },
  {
    "name": "Inalpi Tavený sýr Slurpy burger s čedarem, plátky",
    "price": "54,90 Kč",
    "unit_price": "313.71 Kč/kg",
    "package_amount": "175 g",
    "subcategory_name": "Sýry - Smetanové",
    "subcategory_url": "https://www.rohlik.cz/c300105031-smetanove-cottage-a-tavene"
  },
  {
    "name": "Inalpi Tavený sýr Mamma Mia, plátky",
    "price": "49,90 Kč",
    "unit_price": "332.67 Kč/kg",
    "package_amount": "150 g",
    "subcategory_name": "Sýry - Smetanové",
    "subcategory_url": "https://www.rohlik.cz/c300105031-smetanove-cottage-a-tavene"
  },
  {
    "name": "Rians Le Roule čerstvý sýr s česnekem a bylinkami",
    "price": "70 Kč",
    "unit_price": "560 Kč/kg",
    "package_amount": "125 g",
    "subcategory_name": "Sýry - Smetanové",
    "subcategory_url": "https://www.rohlik.cz/c300105031-smetanove-cottage-a-tavene"
  },
  {
    "name": "Nonno Nanni Robiola sýr",
    "price": "77,80 Kč",
    "unit_price": "778 Kč/kg",
    "package_amount": "100 g",
    "subcategory_name": "Sýry - Smetanové",
    "subcategory_url": "https://www.rohlik.cz/c300105031-smetanove-cottage-a-tavene"
  },
  {
    "name": "Boursin Čerstvý sýr krémový",
    "price": "82,60 Kč",
    "unit_price": "550.67 Kč/kg",
    "package_amount": "150 g",
    "subcategory_name": "Sýry - Smetanové",
    "subcategory_url": "https://www.rohlik.cz/c300105031-smetanove-cottage-a-tavene"
  },
  {
    "name": "Inalpi Tavený sýr s pepřem, plátky",
    "price": "49,90 Kč",
    "unit_price": "332.67 Kč/kg",
    "package_amount": "150 g",
    "subcategory_name": "Sýry - Smetanové",
    "subcategory_url": "https://www.rohlik.cz/c300105031-smetanove-cottage-a-tavene"
  },
  {
    "name": "Boursin Čerstvý sýr s pepřem",
    "price": "82,60 Kč",
    "unit_price": "550.67 Kč/kg",
    "package_amount": "150 g",
    "subcategory_name": "Sýry - Smetanové",
    "subcategory_url": "https://www.rohlik.cz/c300105031-smetanove-cottage-a-tavene"
  },
  {
    "name": "Fattorie Garofalo Buffalo mascarpone",
    "price": "118,90 Kč",
    "unit_price": "475.6 Kč/kg",
    "package_amount": "250 g",
    "subcategory_name": "Sýry - Smetanové",
    "subcategory_url": "https://www.rohlik.cz/c300105031-smetanove-cottage-a-tavene"
  },
  {
    "name": "Inalpi Tavený sýr s chilli papričkami, plátky",
    "price": "49,90 Kč",
    "unit_price": "332.67 Kč/kg",
    "package_amount": "150 g",
    "subcategory_name": "Sýry - Smetanové",
    "subcategory_url": "https://www.rohlik.cz/c300105031-smetanove-cottage-a-tavene"
  },
  {
    "name": "Inalpi Tavený sýr & Ementál, plátky",
    "price": "54,90 Kč",
    "unit_price": "313.71 Kč/kg",
    "package_amount": "175 g",
    "subcategory_name": "Sýry - Smetanové",
    "subcategory_url": "https://www.rohlik.cz/c300105031-smetanove-cottage-a-tavene"
  },
  {
    "name": "Rohlik.cz  Emmental 45% plátky",
    "price": "60,36 Kč",
    "unit_price": "559.9 Kč/kg",
    "package_amount": "cca 110 g",
    "subcategory_name": "Čerstvě krájené",
    "subcategory_url": "https://www.rohlik.cz/c300120608-cerstve-krajene-syry"
  },
  {
    "name": "Rohlik.cz Gouda holandská 48+",
    "price": "64,90 Kč",
    "unit_price": "613.4 Kč/kg",
    "package_amount": "cca 110 g",
    "subcategory_name": "Čerstvě krájené",
    "subcategory_url": "https://www.rohlik.cz/c300120608-cerstve-krajene-syry"
  },
  {
    "name": "Rohlik.cz Red Cheddar plátky",
    "price": "57,39 Kč",
    "unit_price": "539.9 Kč/kg",
    "package_amount": "cca 110 g",
    "subcategory_name": "Čerstvě krájené",
    "subcategory_url": "https://www.rohlik.cz/c300120608-cerstve-krajene-syry"
  },
  {
    "name": "Rohlik.cz Mozzarella 40+",
    "price": "41,91 Kč",
    "unit_price": "399.9 Kč/kg",
    "package_amount": "cca 100 g",
    "subcategory_name": "Čerstvě krájené",
    "subcategory_url": "https://www.rohlik.cz/c300120608-cerstve-krajene-syry"
  },
  {
    "name": "Rohlik.cz Sýrové nitě přírodní",
    "price": "69,80 Kč",
    "unit_price": "649.9 Kč/kg",
    "package_amount": "cca 110 g",
    "subcategory_name": "Čerstvě krájené",
    "subcategory_url": "https://www.rohlik.cz/c300120608-cerstve-krajene-syry"
  },
  {
    "name": "Rohlik.cz Eidam 30% strouhaný",
    "price": "36,45 Kč",
    "unit_price": "329.9 Kč/kg",
    "package_amount": "cca 110 g",
    "subcategory_name": "Čerstvě krájené",
    "subcategory_url": "https://www.rohlik.cz/c300120608-cerstve-krajene-syry"
  },
  {
    "name": "Rohlik.cz Gouda uzená plátky",
    "price": "53,49 Kč",
    "unit_price": "499.91 Kč/kg",
    "package_amount": "cca 110 g",
    "subcategory_name": "Čerstvě krájené",
    "subcategory_url": "https://www.rohlik.cz/c300120608-cerstve-krajene-syry"
  },
  {
    "name": "Rohlik.cz Kozí sýr plátky",
    "price": "74,56 Kč",
    "unit_price": "669.9 Kč/kg",
    "package_amount": "cca 110 g",
    "subcategory_name": "Čerstvě krájené",
    "subcategory_url": "https://www.rohlik.cz/c300120608-cerstve-krajene-syry"
  },
  {
    "name": "Rohlik.cz Provolone",
    "price": "68,75 Kč",
    "unit_price": "619.9 Kč/kg",
    "package_amount": "cca 110 g",
    "subcategory_name": "Čerstvě krájené",
    "subcategory_url": "https://www.rohlik.cz/c300120608-cerstve-krajene-syry"
  },
  {
    "name": "Rohlik.cz Red Cheddar strouhaný",
    "price": "64,07 Kč",
    "unit_price": "599.9 Kč/kg",
    "package_amount": "cca 110 g",
    "subcategory_name": "Čerstvě krájené",
    "subcategory_url": "https://www.rohlik.cz/c300120608-cerstve-krajene-syry"
  },
  {
    "name": "Eidam výkroj 30%",
    "price": "53,87 Kč",
    "unit_price": "339.9 Kč/kg",
    "package_amount": "cca 160 g",
    "subcategory_name": "Čerstvě krájené",
    "subcategory_url": "https://www.rohlik.cz/c300120608-cerstve-krajene-syry"
  },
  {
    "name": "Eidam plátky 40%",
    "price": "73,86 Kč",
    "unit_price": "349.9 Kč/kg",
    "package_amount": "cca 210 g",
    "subcategory_name": "Čerstvě krájené",
    "subcategory_url": "https://www.rohlik.cz/c300120608-cerstve-krajene-syry"
  },
  {
    "name": "Rohlik.cz Sýrové nitě uzené",
    "price": "68,56 Kč",
    "unit_price": "649.9 Kč/kg",
    "package_amount": "cca 110 g",
    "subcategory_name": "Čerstvě krájené",
    "subcategory_url": "https://www.rohlik.cz/c300120608-cerstve-krajene-syry"
  },
  {
    "name": "Rohlik.cz Sýrové korbáčky přírodní",
    "price": "79,49 Kč",
    "unit_price": "749.9 Kč/kg",
    "package_amount": "cca 110 g",
    "subcategory_name": "Čerstvě krájené",
    "subcategory_url": "https://www.rohlik.cz/c300120608-cerstve-krajene-syry"
  },
  {
    "name": "Rohlik.cz Mozzarella 40+ strouhaná",
    "price": "58,18 Kč",
    "unit_price": "549.9 Kč/kg",
    "package_amount": "cca 110 g",
    "subcategory_name": "Čerstvě krájené",
    "subcategory_url": "https://www.rohlik.cz/c300120608-cerstve-krajene-syry"
  },
  {
    "name": "Rohlik.cz Gorgonzola spoonable PDO",
    "price": "89,80 Kč",
    "unit_price": "699.9 Kč/kg",
    "package_amount": "cca 130 g",
    "subcategory_name": "Čerstvě krájené",
    "subcategory_url": "https://www.rohlik.cz/c300120608-cerstve-krajene-syry"
  },
  {
    "name": "Rohlik.cz Mild White Cheddar plátky",
    "price": "61,53 Kč",
    "unit_price": "579.9 Kč/kg",
    "package_amount": "cca 110 g",
    "subcategory_name": "Čerstvě krájené",
    "subcategory_url": "https://www.rohlik.cz/c300120608-cerstve-krajene-syry"
  },
  {
    "name": "Rohlik.cz Provolone uzené",
    "price": "66,14 Kč",
    "unit_price": "619.9 Kč/kg",
    "package_amount": "cca 110 g",
    "subcategory_name": "Čerstvě krájené",
    "subcategory_url": "https://www.rohlik.cz/c300120608-cerstve-krajene-syry"
  },
  {
    "name": "Rohlik.cz Holandský Edammer plátky",
    "price": "64,13 Kč",
    "unit_price": "599.9 Kč/kg",
    "package_amount": "cca 110 g",
    "subcategory_name": "Čerstvě krájené",
    "subcategory_url": "https://www.rohlik.cz/c300120608-cerstve-krajene-syry"
  },
  {
    "name": "Rohlik.cz Sýrové korbáčky uzené",
    "price": "73,91 Kč",
    "unit_price": "699.9 Kč/kg",
    "package_amount": "cca 110 g",
    "subcategory_name": "Čerstvě krájené",
    "subcategory_url": "https://www.rohlik.cz/c300120608-cerstve-krajene-syry"
  },
  {
    "name": "Rohlik.cz Emmental uzený plátky",
    "price": "73,54 Kč",
    "unit_price": "689.9 Kč/kg",
    "package_amount": "cca 110 g",
    "subcategory_name": "Čerstvě krájené",
    "subcategory_url": "https://www.rohlik.cz/c300120608-cerstve-krajene-syry"
  },
  {
    "name": "Rohlik.cz Red Cheddar výkroj",
    "price": "80,17 Kč",
    "unit_price": "519.9 Kč/kg",
    "package_amount": "cca 150 g",
    "subcategory_name": "Čerstvě krájené",
    "subcategory_url": "https://www.rohlik.cz/c300120608-cerstve-krajene-syry"
  },
  {
    "name": "Rohlik.cz Sýrové uzlíky uzené",
    "price": "99,04 Kč",
    "unit_price": "649.9 Kč/kg",
    "package_amount": "cca 150 g",
    "subcategory_name": "Čerstvě krájené",
    "subcategory_url": "https://www.rohlik.cz/c300120608-cerstve-krajene-syry"
  },
  {
    "name": "Rohlik.cz North holland gouda dvouletá PDO",
    "price": "119,90 Kč",
    "unit_price": "799.33 Kč/kg",
    "package_amount": "150 g",
    "subcategory_name": "Čerstvě krájené",
    "subcategory_url": "https://www.rohlik.cz/c300120608-cerstve-krajene-syry"
  },
  {
    "name": "Rohlik.cz Řecká feta sýr P.D.O.",
    "price": "106 Kč",
    "unit_price": "649.9 Kč/kg",
    "package_amount": "cca 160 g",
    "subcategory_name": "Čerstvě krájené",
    "subcategory_url": "https://www.rohlik.cz/c300120608-cerstve-krajene-syry"
  },
  {
    "name": "Eidam výkroj 40%",
    "price": "56,02 Kč",
    "unit_price": "349.9 Kč/kg",
    "package_amount": "cca 160 g",
    "subcategory_name": "Čerstvě krájené",
    "subcategory_url": "https://www.rohlik.cz/c300120608-cerstve-krajene-syry"
  },
  {
    "name": "Rohlik.cz Tete de Moine AOP",
    "price": "178,35 Kč",
    "unit_price": "1649.9 Kč/kg",
    "package_amount": "cca 110 g",
    "subcategory_name": "Čerstvě krájené",
    "subcategory_url": "https://www.rohlik.cz/c300120608-cerstve-krajene-syry"
  },
  {
    "name": "Rohlik.cz Oak-Smoked Cheddar plátky",
    "price": "80,53 Kč",
    "unit_price": "769.9 Kč/kg",
    "package_amount": "cca 100 g",
    "subcategory_name": "Čerstvě krájené",
    "subcategory_url": "https://www.rohlik.cz/c300120608-cerstve-krajene-syry"
  },
  {
    "name": "Rohlik.cz Provolone výkroj",
    "price": "94,30 Kč",
    "unit_price": "599.9 Kč/kg",
    "package_amount": "cca 160 g",
    "subcategory_name": "Čerstvě krájené",
    "subcategory_url": "https://www.rohlik.cz/c300120608-cerstve-krajene-syry"
  },
  {
    "name": "Rohlik.cz Mild White Cheddar výkroj",
    "price": "90,44 Kč",
    "unit_price": "569.9 Kč/kg",
    "package_amount": "cca 160 g",
    "subcategory_name": "Čerstvě krájené",
    "subcategory_url": "https://www.rohlik.cz/c300120608-cerstve-krajene-syry"
  },
  {
    "name": "Rohlik.cz Red Cheddar tapas",
    "price": "99,90 Kč",
    "unit_price": "666 Kč/kg",
    "package_amount": "150 g",
    "subcategory_name": "Čerstvě krájené",
    "subcategory_url": "https://www.rohlik.cz/c300120608-cerstve-krajene-syry"
  },
  {
    "name": "Rohlik.cz Gouda holandská 48+ tapas",
    "price": "119,90 Kč",
    "unit_price": "799.33 Kč/kg",
    "package_amount": "150 g",
    "subcategory_name": "Čerstvě krájené",
    "subcategory_url": "https://www.rohlik.cz/c300120608-cerstve-krajene-syry"
  },
  {
    "name": "Rohlik.cz Provolone uzené výkroj",
    "price": "95,74 Kč",
    "unit_price": "599.9 Kč/kg",
    "package_amount": "cca 160 g",
    "subcategory_name": "Čerstvě krájené",
    "subcategory_url": "https://www.rohlik.cz/c300120608-cerstve-krajene-syry"
  },
  {
    "name": "Rohlik.cz Provolone uzené tapas",
    "price": "109,90 Kč",
    "unit_price": "732.67 Kč/kg",
    "package_amount": "150 g",
    "subcategory_name": "Čerstvě krájené",
    "subcategory_url": "https://www.rohlik.cz/c300120608-cerstve-krajene-syry"
  },
  {
    "name": "Rohlik.cz Gorgonzola spicy PDO \"Il Bacco Verde\" tapas",
    "price": "119,90 Kč",
    "unit_price": "799.33 Kč/kg",
    "package_amount": "150 g",
    "subcategory_name": "Čerstvě krájené",
    "subcategory_url": "https://www.rohlik.cz/c300120608-cerstve-krajene-syry"
  },
  {
    "name": "Rohlik.cz Oak-Smoked Cheddar výkroj",
    "price": "122,80 Kč",
    "unit_price": "759.9 Kč/kg",
    "package_amount": "cca 160 g",
    "subcategory_name": "Čerstvě krájené",
    "subcategory_url": "https://www.rohlik.cz/c300120608-cerstve-krajene-syry"
  },
  {
    "name": "Rohlik.cz Gorgonzola spicy PDO \"Il Bacco Verde\" výkroj",
    "price": "108,27 Kč",
    "unit_price": "847.2 Kč/kg",
    "package_amount": "cca 130 g",
    "subcategory_name": "Čerstvě krájené",
    "subcategory_url": "https://www.rohlik.cz/c300120608-cerstve-krajene-syry"
  },
  {
    "name": "Miil Grana Padano DOP strouhaný",
    "price": "72,90 Kč",
    "unit_price": "486 Kč/kg",
    "package_amount": "150 g",
    "subcategory_name": "Sýry - Parmazán, Grana Padano, Pecorino",
    "subcategory_url": "https://www.rohlik.cz/c300105040-parmazan-grana-padano-a-pecorino"
  },
  {
    "name": "Miil Extra tvrdý sýr italského typu strouhaný 32%",
    "price": "51,03 Kč",
    "unit_price": "510.3 Kč/kg",
    "package_amount": "100 g",
    "subcategory_name": "Sýry - Parmazán, Grana Padano, Pecorino",
    "subcategory_url": "https://www.rohlik.cz/c300105040-parmazan-grana-padano-a-pecorino"
  },
  {
    "name": "Miil Extra tvrdý sýr italského typu 32%",
    "price": "99,90 Kč",
    "unit_price": "499.5 Kč/kg",
    "package_amount": "200 g",
    "subcategory_name": "Sýry - Parmazán, Grana Padano, Pecorino",
    "subcategory_url": "https://www.rohlik.cz/c300105040-parmazan-grana-padano-a-pecorino"
  },
  {
    "name": "Gran Moravia Sýr strouhaný 32%",
    "price": "74,90 Kč",
    "unit_price": "749 Kč/kg",
    "package_amount": "100 g",
    "subcategory_name": "Sýry - Parmazán, Grana Padano, Pecorino",
    "subcategory_url": "https://www.rohlik.cz/c300105040-parmazan-grana-padano-a-pecorino"
  },
  {
    "name": "Miil Parmigiano Reggiano DOP 24 měsíců zrání",
    "price": "154,90 Kč",
    "unit_price": "774.5 Kč/kg",
    "package_amount": "200 g",
    "subcategory_name": "Sýry - Parmazán, Grana Padano, Pecorino",
    "subcategory_url": "https://www.rohlik.cz/c300105040-parmazan-grana-padano-a-pecorino"
  },
  {
    "name": "Parmareggio Parmigiano Reggiano Grattuigato parmezán strouhaný",
    "price": "61,90 Kč",
    "unit_price": "1031.67 Kč/kg",
    "package_amount": "60 g",
    "subcategory_name": "Sýry - Parmazán, Grana Padano, Pecorino",
    "subcategory_url": "https://www.rohlik.cz/c300105040-parmazan-grana-padano-a-pecorino"
  },
  {
    "name": "Zanetti Grana Padano PDO strouhaný",
    "price": "38,90 Kč",
    "unit_price": "778 Kč/kg",
    "package_amount": "50 g",
    "subcategory_name": "Sýry - Parmazán, Grana Padano, Pecorino",
    "subcategory_url": "https://www.rohlik.cz/c300105040-parmazan-grana-padano-a-pecorino"
  },
  {
    "name": "Miil Grana Padano DOP 16 měsíců zrání",
    "price": "119,90 Kč",
    "unit_price": "599.5 Kč/kg",
    "package_amount": "200 g",
    "subcategory_name": "Sýry - Parmazán, Grana Padano, Pecorino",
    "subcategory_url": "https://www.rohlik.cz/c300105040-parmazan-grana-padano-a-pecorino"
  },
  {
    "name": "Gran Moravia Extra tvrdý sýr 32%",
    "price": "69,90 Kč",
    "unit_price": "699 Kč/kg",
    "package_amount": "100 g",
    "subcategory_name": "Sýry - Parmazán, Grana Padano, Pecorino",
    "subcategory_url": "https://www.rohlik.cz/c300105040-parmazan-grana-padano-a-pecorino"
  },
  {
    "name": "Parmareggio Parmigiano Reggiano parmezán 12 měsíců",
    "price": "151,90 Kč",
    "unit_price": "1012.67 Kč/kg",
    "package_amount": "150 g",
    "subcategory_name": "Sýry - Parmazán, Grana Padano, Pecorino",
    "subcategory_url": "https://www.rohlik.cz/c300105040-parmazan-grana-padano-a-pecorino"
  },
  {
    "name": "Parmareggio BIO Parmigiano Reggiano DOP parmezán strouhaný",
    "price": "59,90 Kč",
    "unit_price": "1198 Kč/kg",
    "package_amount": "50 g",
    "subcategory_name": "Sýry - Parmazán, Grana Padano, Pecorino",
    "subcategory_url": "https://www.rohlik.cz/c300105040-parmazan-grana-padano-a-pecorino"
  },
  {
    "name": "Gran Moravia Extra tvrdý sýr 32%",
    "price": "164,90 Kč",
    "unit_price": "659.6 Kč/kg",
    "package_amount": "250 g",
    "subcategory_name": "Sýry - Parmazán, Grana Padano, Pecorino",
    "subcategory_url": "https://www.rohlik.cz/c300105040-parmazan-grana-padano-a-pecorino"
  },
  {
    "name": "Zanetti Grana Padano PDO hobliny",
    "price": "74,90 Kč",
    "unit_price": "749 Kč/kg",
    "package_amount": "100 g",
    "subcategory_name": "Sýry - Parmazán, Grana Padano, Pecorino",
    "subcategory_url": "https://www.rohlik.cz/c300105040-parmazan-grana-padano-a-pecorino"
  },
  {
    "name": "QuattroColli Pecorino Romano Q.C.",
    "price": "186,90 Kč",
    "unit_price": "934.5 Kč/kg",
    "package_amount": "200 g",
    "subcategory_name": "Sýry - Parmazán, Grana Padano, Pecorino",
    "subcategory_url": "https://www.rohlik.cz/c300105040-parmazan-grana-padano-a-pecorino"
  },
  {
    "name": "Gran Moravia Mini snack v síťce",
    "price": "65,90 Kč",
    "unit_price": "659 Kč/kg",
    "package_amount": "100 g",
    "subcategory_name": "Sýry - Parmazán, Grana Padano, Pecorino",
    "subcategory_url": "https://www.rohlik.cz/c300105040-parmazan-grana-padano-a-pecorino"
  },
  {
    "name": "Soresina Grana Padano DOP",
    "price": "148,90 Kč",
    "unit_price": "744.5 Kč/kg",
    "package_amount": "200 g",
    "subcategory_name": "Sýry - Parmazán, Grana Padano, Pecorino",
    "subcategory_url": "https://www.rohlik.cz/c300105040-parmazan-grana-padano-a-pecorino"
  },
  {
    "name": "Parmareggio Parmigiano Reggiano parmezán 24 měsíců",
    "price": "179,90 Kč",
    "unit_price": "1199.33 Kč/kg",
    "package_amount": "150 g",
    "subcategory_name": "Sýry - Parmazán, Grana Padano, Pecorino",
    "subcategory_url": "https://www.rohlik.cz/c300105040-parmazan-grana-padano-a-pecorino"
  },
  {
    "name": "Parmareggio Parmigiano Reggiano toast plátky",
    "price": "68,90 Kč",
    "unit_price": "459.33 Kč/kg",
    "package_amount": "150 g",
    "subcategory_name": "Sýry - Parmazán, Grana Padano, Pecorino",
    "subcategory_url": "https://www.rohlik.cz/c300105040-parmazan-grana-padano-a-pecorino"
  },
  {
    "name": "Gran Moravia Sýr strouhaný 32%",
    "price": "54,90 Kč",
    "unit_price": "915 Kč/kg",
    "package_amount": "60 g",
    "subcategory_name": "Sýry - Parmazán, Grana Padano, Pecorino",
    "subcategory_url": "https://www.rohlik.cz/c300105040-parmazan-grana-padano-a-pecorino"
  },
  {
    "name": "Alnatura BIO Parmigiano Reggiano 24 měsíců zrání",
    "price": "114,90 Kč",
    "unit_price": "919.2 Kč/kg",
    "package_amount": "125 g",
    "subcategory_name": "Sýry - Parmazán, Grana Padano, Pecorino",
    "subcategory_url": "https://www.rohlik.cz/c300105040-parmazan-grana-padano-a-pecorino"
  },
  {
    "name": "Parmissimo Sýr parmazán Parmigiano Reggiano CHOP",
    "price": "74,90 Kč",
    "unit_price": "832.22 Kč/kg",
    "package_amount": "90 g",
    "subcategory_name": "Sýry - Parmazán, Grana Padano, Pecorino",
    "subcategory_url": "https://www.rohlik.cz/c300105040-parmazan-grana-padano-a-pecorino"
  },
  {
    "name": "Pinna Pecorino Romano DOP sýr",
    "price": "134,90 Kč",
    "unit_price": "674.5 Kč/kg",
    "package_amount": "200 g",
    "subcategory_name": "Sýry - Parmazán, Grana Padano, Pecorino",
    "subcategory_url": "https://www.rohlik.cz/c300105040-parmazan-grana-padano-a-pecorino"
  },
  {
    "name": "Parmareggio BIO Parmigiano Reggiano DOP parmezán",
    "price": "214,80 Kč",
    "unit_price": "1432 Kč/kg",
    "package_amount": "150 g",
    "subcategory_name": "Sýry - Parmazán, Grana Padano, Pecorino",
    "subcategory_url": "https://www.rohlik.cz/c300105040-parmazan-grana-padano-a-pecorino"
  },
  {
    "name": "Parmareggio Parmigiano Reggiano EXTRA parmezán 30 měsíců",
    "price": "176,90 Kč",
    "unit_price": "1179.33 Kč/kg",
    "package_amount": "150 g",
    "subcategory_name": "Sýry - Parmazán, Grana Padano, Pecorino",
    "subcategory_url": "https://www.rohlik.cz/c300105040-parmazan-grana-padano-a-pecorino"
  },
  {
    "name": "Gran Moravia Tochetti 32%",
    "price": "114,90 Kč",
    "unit_price": "766 Kč/kg",
    "package_amount": "150 g",
    "subcategory_name": "Sýry - Parmazán, Grana Padano, Pecorino",
    "subcategory_url": "https://www.rohlik.cz/c300105040-parmazan-grana-padano-a-pecorino"
  },
  {
    "name": "Pinna Vyzrálý sýr Pecorino Sardo Medoro DOP",
    "price": "170,91 Kč",
    "unit_price": "854.55 Kč/kg",
    "package_amount": "200 g",
    "subcategory_name": "Sýry - Parmazán, Grana Padano, Pecorino",
    "subcategory_url": "https://www.rohlik.cz/c300105040-parmazan-grana-padano-a-pecorino"
  },
  {
    "name": "Monti trentini Grana Padano DOP",
    "price": "134,90 Kč",
    "unit_price": "674.5 Kč/kg",
    "package_amount": "200 g",
    "subcategory_name": "Sýry - Parmazán, Grana Padano, Pecorino",
    "subcategory_url": "https://www.rohlik.cz/c300105040-parmazan-grana-padano-a-pecorino"
  },
  {
    "name": "Gran Moravia Julienne hrubě strouhaný sýr 32%",
    "price": "74,90 Kč",
    "unit_price": "749 Kč/kg",
    "package_amount": "100 g",
    "subcategory_name": "Sýry - Parmazán, Grana Padano, Pecorino",
    "subcategory_url": "https://www.rohlik.cz/c300105040-parmazan-grana-padano-a-pecorino"
  },
  {
    "name": "Parmareggio Parmigiano Reggiano Julienne strouhaný sýr",
    "price": "74,90 Kč",
    "unit_price": "881.18 Kč/kg",
    "package_amount": "85 g",
    "subcategory_name": "Sýry - Parmazán, Grana Padano, Pecorino",
    "subcategory_url": "https://www.rohlik.cz/c300105040-parmazan-grana-padano-a-pecorino"
  },
  {
    "name": "Pinna Strouhaný sýr Pecorino Romano DOP",
    "price": "69,90 Kč",
    "unit_price": "1127.42 Kč/kg",
    "package_amount": "62 g",
    "subcategory_name": "Sýry - Parmazán, Grana Padano, Pecorino",
    "subcategory_url": "https://www.rohlik.cz/c300105040-parmazan-grana-padano-a-pecorino"
  },
  {
    "name": "Gran Moravia Scaglie sýrové hobliny 32%",
    "price": "74,90 Kč",
    "unit_price": "749 Kč/kg",
    "package_amount": "100 g",
    "subcategory_name": "Sýry - Parmazán, Grana Padano, Pecorino",
    "subcategory_url": "https://www.rohlik.cz/c300105040-parmazan-grana-padano-a-pecorino"
  },
  {
    "name": "Parmareggio Reggiano sýrové vločky",
    "price": "92,90 Kč",
    "unit_price": "929 Kč/kg",
    "package_amount": "100 g",
    "subcategory_name": "Sýry - Parmazán, Grana Padano, Pecorino",
    "subcategory_url": "https://www.rohlik.cz/c300105040-parmazan-grana-padano-a-pecorino"
  },
  {
    "name": "Parmareggio Parmigiano Reggiano DOP strouhaný 30 měsíců",
    "price": "69,90 Kč",
    "unit_price": "1165 Kč/kg",
    "package_amount": "60 g",
    "subcategory_name": "Sýry - Parmazán, Grana Padano, Pecorino",
    "subcategory_url": "https://www.rohlik.cz/c300105040-parmazan-grana-padano-a-pecorino"
  },
  {
    "name": "Parmareggio Parmigiano Reggiano 30 měsíců",
    "price": "394,90 Kč",
    "unit_price": "987.25 Kč/kg",
    "package_amount": "400 g",
    "subcategory_name": "Sýry - Parmazán, Grana Padano, Pecorino",
    "subcategory_url": "https://www.rohlik.cz/c300105040-parmazan-grana-padano-a-pecorino"
  },
  {
    "name": "Morbidi Sýr Pecorino Toscano DOP",
    "price": "284,90 Kč",
    "unit_price": "814 Kč/kg",
    "package_amount": "350 g",
    "subcategory_name": "Sýry - Parmazán, Grana Padano, Pecorino",
    "subcategory_url": "https://www.rohlik.cz/c300105040-parmazan-grana-padano-a-pecorino"
  },
  {
    "name": "L'Opera sýr",
    "price": "148,86 Kč",
    "unit_price": "744.3 Kč/kg",
    "package_amount": "200 g",
    "subcategory_name": "Sýry - Parmazán, Grana Padano, Pecorino",
    "subcategory_url": "https://www.rohlik.cz/c300105040-parmazan-grana-padano-a-pecorino"
  },
  {
    "name": "Morbidi Tvrdý sýr Pecorino „CreteSenesi“ rustico",
    "price": "295,92 Kč",
    "unit_price": "739.8 Kč/kg",
    "package_amount": "400 g",
    "subcategory_name": "Sýry - Parmazán, Grana Padano, Pecorino",
    "subcategory_url": "https://www.rohlik.cz/c300105040-parmazan-grana-padano-a-pecorino"
  },
  {
    "name": "Parmigiano Reggiano Solodibruna 24 měsíců PDO",
    "price": "344,90 Kč",
    "unit_price": "1149.67 Kč/kg",
    "package_amount": "300 g",
    "subcategory_name": "Sýry - Parmazán, Grana Padano, Pecorino",
    "subcategory_url": "https://www.rohlik.cz/c300105040-parmazan-grana-padano-a-pecorino"
  },
  {
    "name": "Morbidi Sýr Pecorino zrající v ořechových listech",
    "price": "499,90 Kč",
    "unit_price": "1110.89 Kč/kg",
    "package_amount": "450 g",
    "subcategory_name": "Sýry - Parmazán, Grana Padano, Pecorino",
    "subcategory_url": "https://www.rohlik.cz/c300105040-parmazan-grana-padano-a-pecorino"
  },
  {
    "name": "Galbani Parmigiano Reggiano DOP bloček",
    "price": "239,90 Kč",
    "unit_price": "1199.5 Kč/kg",
    "package_amount": "200 g",
    "subcategory_name": "Sýry - Parmazán, Grana Padano, Pecorino",
    "subcategory_url": "https://www.rohlik.cz/c300105040-parmazan-grana-padano-a-pecorino"
  },
  {
    "name": "Morbidi Sýr Pecorino s lanýžem",
    "price": "459,90 Kč",
    "unit_price": "1022 Kč/kg",
    "package_amount": "450 g",
    "subcategory_name": "Sýry - Parmazán, Grana Padano, Pecorino",
    "subcategory_url": "https://www.rohlik.cz/c300105040-parmazan-grana-padano-a-pecorino"
  },
  {
    "name": "Morbidi Sýr Pecorino s pistáciemi",
    "price": "399,90 Kč",
    "unit_price": "888.67 Kč/kg",
    "package_amount": "450 g",
    "subcategory_name": "Sýry - Parmazán, Grana Padano, Pecorino",
    "subcategory_url": "https://www.rohlik.cz/c300105040-parmazan-grana-padano-a-pecorino"
  },
  {
    "name": "Miil Grana Padano DOP strouhaný",
    "price": "72,90 Kč",
    "unit_price": "486 Kč/kg",
    "package_amount": "150 g",
    "subcategory_name": "Sýry - Bločky a storuhané",
    "subcategory_url": "https://www.rohlik.cz/c300105027-blocky-a-strouhane"
  },
  {
    "name": "Miil Gouda 47% strouhaná",
    "price": "49,90 Kč",
    "unit_price": "249.5 Kč/kg",
    "package_amount": "200 g",
    "subcategory_name": "Sýry - Bločky a storuhané",
    "subcategory_url": "https://www.rohlik.cz/c300105027-blocky-a-strouhane"
  },
  {
    "name": "Miil Gouda 47% bloček",
    "price": "53,90 Kč",
    "unit_price": "215.6 Kč/kg",
    "package_amount": "250 g",
    "subcategory_name": "Sýry - Bločky a storuhané",
    "subcategory_url": "https://www.rohlik.cz/c300105027-blocky-a-strouhane"
  },
  {
    "name": "Miil Cheddar 51% bloček",
    "price": "69,90 Kč",
    "unit_price": "279.6 Kč/kg",
    "package_amount": "250 g",
    "subcategory_name": "Sýry - Bločky a storuhané",
    "subcategory_url": "https://www.rohlik.cz/c300105027-blocky-a-strouhane"
  },
  {
    "name": "Miil Extra tvrdý sýr italského typu strouhaný 32%",
    "price": "51,03 Kč",
    "unit_price": "510.3 Kč/kg",
    "package_amount": "100 g",
    "subcategory_name": "Sýry - Bločky a storuhané",
    "subcategory_url": "https://www.rohlik.cz/c300105027-blocky-a-strouhane"
  },
  {
    "name": "Miil Eidam 30% bloček",
    "price": "49,90 Kč",
    "unit_price": "199.6 Kč/kg",
    "package_amount": "250 g",
    "subcategory_name": "Sýry - Bločky a storuhané",
    "subcategory_url": "https://www.rohlik.cz/c300105027-blocky-a-strouhane"
  },
  {
    "name": "Formagia Mozzarella strouhaná",
    "price": "50,92 Kč",
    "unit_price": "339.47 Kč/kg",
    "package_amount": "150 g",
    "subcategory_name": "Sýry - Bločky a storuhané",
    "subcategory_url": "https://www.rohlik.cz/c300105027-blocky-a-strouhane"
  },
  {
    "name": "Gran Moravia Sýr strouhaný 32%",
    "price": "74,90 Kč",
    "unit_price": "749 Kč/kg",
    "package_amount": "100 g",
    "subcategory_name": "Sýry - Bločky a storuhané",
    "subcategory_url": "https://www.rohlik.cz/c300105027-blocky-a-strouhane"
  },
  {
    "name": "Miil Emmental 45% strouhaný",
    "price": "49,90 Kč",
    "unit_price": "249.5 Kč/kg",
    "package_amount": "200 g",
    "subcategory_name": "Sýry - Bločky a storuhané",
    "subcategory_url": "https://www.rohlik.cz/c300105027-blocky-a-strouhane"
  },
  {
    "name": "Parmareggio Parmigiano Reggiano Grattuigato parmezán strouhaný",
    "price": "61,90 Kč",
    "unit_price": "1031.67 Kč/kg",
    "package_amount": "60 g",
    "subcategory_name": "Sýry - Bločky a storuhané",
    "subcategory_url": "https://www.rohlik.cz/c300105027-blocky-a-strouhane"
  },
  {
    "name": "Zanetti Grana Padano PDO strouhaný",
    "price": "38,90 Kč",
    "unit_price": "778 Kč/kg",
    "package_amount": "50 g",
    "subcategory_name": "Sýry - Bločky a storuhané",
    "subcategory_url": "https://www.rohlik.cz/c300105027-blocky-a-strouhane"
  },
  {
    "name": "Miil Eidam 45% bloček",
    "price": "53,90 Kč",
    "unit_price": "215.6 Kč/kg",
    "package_amount": "250 g",
    "subcategory_name": "Sýry - Bločky a storuhané",
    "subcategory_url": "https://www.rohlik.cz/c300105027-blocky-a-strouhane"
  },
  {
    "name": "Madeta Blaťácké zlato 48%",
    "price": "39,90 Kč",
    "unit_price": "332.5 Kč/kg",
    "package_amount": "120 g",
    "subcategory_name": "Sýry - Bločky a storuhané",
    "subcategory_url": "https://www.rohlik.cz/c300105027-blocky-a-strouhane"
  },
  {
    "name": "Miil Emmental 45% bloček",
    "price": "69,93 Kč",
    "unit_price": "279.72 Kč/kg",
    "package_amount": "250 g",
    "subcategory_name": "Sýry - Bločky a storuhané",
    "subcategory_url": "https://www.rohlik.cz/c300105027-blocky-a-strouhane"
  },
  {
    "name": "Madeta Eidamský sýr 30% bloček",
    "price": "59,90 Kč",
    "unit_price": "299.5 Kč/kg",
    "package_amount": "200 g",
    "subcategory_name": "Sýry - Bločky a storuhané",
    "subcategory_url": "https://www.rohlik.cz/c300105027-blocky-a-strouhane"
  },
  {
    "name": "Rohlik.cz Eidam 30% strouhaný",
    "price": "36,45 Kč",
    "unit_price": "329.9 Kč/kg",
    "package_amount": "cca 110 g",
    "subcategory_name": "Sýry - Bločky a storuhané",
    "subcategory_url": "https://www.rohlik.cz/c300105027-blocky-a-strouhane"
  },
  {
    "name": "Dublin Dairy Mix strouhaných sýrů cheddar white & red",
    "price": "77,90 Kč",
    "unit_price": "519.33 Kč/kg",
    "package_amount": "150 g",
    "subcategory_name": "Sýry - Bločky a storuhané",
    "subcategory_url": "https://www.rohlik.cz/c300105027-blocky-a-strouhane"
  },
  {
    "name": "Parmareggio BIO Parmigiano Reggiano DOP parmezán strouhaný",
    "price": "59,90 Kč",
    "unit_price": "1198 Kč/kg",
    "package_amount": "50 g",
    "subcategory_name": "Sýry - Bločky a storuhané",
    "subcategory_url": "https://www.rohlik.cz/c300105027-blocky-a-strouhane"
  },
  {
    "name": "Leerdammer Original sýr bloček",
    "price": "89,90 Kč",
    "unit_price": "528.82 Kč/kg",
    "package_amount": "170 g",
    "subcategory_name": "Sýry - Bločky a storuhané",
    "subcategory_url": "https://www.rohlik.cz/c300105027-blocky-a-strouhane"
  },
  {
    "name": "Dublin Dairy Cheddar red strouhaný",
    "price": "77,90 Kč",
    "unit_price": "519.33 Kč/kg",
    "package_amount": "150 g",
    "subcategory_name": "Sýry - Bločky a storuhané",
    "subcategory_url": "https://www.rohlik.cz/c300105027-blocky-a-strouhane"
  },
  {
    "name": "Rohlik.cz Red Cheddar strouhaný",
    "price": "64,07 Kč",
    "unit_price": "599.9 Kč/kg",
    "package_amount": "cca 110 g",
    "subcategory_name": "Sýry - Bločky a storuhané",
    "subcategory_url": "https://www.rohlik.cz/c300105027-blocky-a-strouhane"
  },
  {
    "name": "Gouda s lanýži",
    "price": "118,94 Kč",
    "unit_price": "905.9 Kč/kg",
    "package_amount": "cca 130 g",
    "subcategory_name": "Sýry - Bločky a storuhané",
    "subcategory_url": "https://www.rohlik.cz/c300105027-blocky-a-strouhane"
  },
  {
    "name": "Dublin Dairy Irish cheddar red bloček",
    "price": "104,90 Kč",
    "unit_price": "524.5 Kč/kg",
    "package_amount": "200 g",
    "subcategory_name": "Sýry - Bločky a storuhané",
    "subcategory_url": "https://www.rohlik.cz/c300105027-blocky-a-strouhane"
  },
  {
    "name": "Mini Babybel Original",
    "price": "67,90 Kč",
    "unit_price": "679 Kč/kg",
    "package_amount": "100 g",
    "subcategory_name": "Sýry - Bločky a storuhané",
    "subcategory_url": "https://www.rohlik.cz/c300105027-blocky-a-strouhane"
  },
  {
    "name": "Mini Babybel Mini rolls",
    "price": "89,90 Kč",
    "unit_price": "1057.65 Kč/kg",
    "package_amount": "85 g",
    "subcategory_name": "Sýry - Bločky a storuhané",
    "subcategory_url": "https://www.rohlik.cz/c300105027-blocky-a-strouhane"
  },
  {
    "name": "Eidam výkroj 30%",
    "price": "53,87 Kč",
    "unit_price": "339.9 Kč/kg",
    "package_amount": "cca 160 g",
    "subcategory_name": "Sýry - Bločky a storuhané",
    "subcategory_url": "https://www.rohlik.cz/c300105027-blocky-a-strouhane"
  },
  {
    "name": "Jaroměřická mlékárna Eidam 30% bloček",
    "price": "61,90 Kč",
    "unit_price": "309.5 Kč/kg",
    "package_amount": "200 g",
    "subcategory_name": "Sýry - Bločky a storuhané",
    "subcategory_url": "https://www.rohlik.cz/c300105027-blocky-a-strouhane"
  },
  {
    "name": "Old Amsterdam kostky",
    "price": "124,90 Kč",
    "unit_price": "832.67 Kč/kg",
    "package_amount": "150 g",
    "subcategory_name": "Sýry - Bločky a storuhané",
    "subcategory_url": "https://www.rohlik.cz/c300105027-blocky-a-strouhane"
  },
  {
    "name": "Zanetti Grana Padano PDO hobliny",
    "price": "74,90 Kč",
    "unit_price": "749 Kč/kg",
    "package_amount": "100 g",
    "subcategory_name": "Sýry - Bločky a storuhané",
    "subcategory_url": "https://www.rohlik.cz/c300105027-blocky-a-strouhane"
  },
  {
    "name": "Van Breukelen Kaas Ovčí sýr mladý 8 týdnů výkroj",
    "price": "84,71 Kč",
    "unit_price": "564.7 Kč/kg",
    "package_amount": "cca 150 g",
    "subcategory_name": "Sýry - Bločky a storuhané",
    "subcategory_url": "https://www.rohlik.cz/c300105027-blocky-a-strouhane"
  },
  {
    "name": "Madeta Blaťácké zlato s vlašskými ořechy",
    "price": "39,90 Kč",
    "unit_price": "332.5 Kč/kg",
    "package_amount": "120 g",
    "subcategory_name": "Sýry - Bločky a storuhané",
    "subcategory_url": "https://www.rohlik.cz/c300105027-blocky-a-strouhane"
  },
  {
    "name": "Rohlik.cz Gouda s chilli výkroj",
    "price": "82,60 Kč",
    "unit_price": "688.33 Kč/kg",
    "package_amount": "120 g",
    "subcategory_name": "Sýry - Bločky a storuhané",
    "subcategory_url": "https://www.rohlik.cz/c300105027-blocky-a-strouhane"
  },
  {
    "name": "Rohlik.cz Gouda uleželá 14 týdnů výkroj",
    "price": "87,50 Kč",
    "unit_price": "729.17 Kč/kg",
    "package_amount": "120 g",
    "subcategory_name": "Sýry - Bločky a storuhané",
    "subcategory_url": "https://www.rohlik.cz/c300105027-blocky-a-strouhane"
  },
  {
    "name": "Rohlik.cz Gouda s bylinkami výkroj",
    "price": "82,60 Kč",
    "unit_price": "688.33 Kč/kg",
    "package_amount": "120 g",
    "subcategory_name": "Sýry - Bločky a storuhané",
    "subcategory_url": "https://www.rohlik.cz/c300105027-blocky-a-strouhane"
  },
  {
    "name": "Président Salakis Feta sýr",
    "price": "99,90 Kč",
    "unit_price": "499.5 Kč/kg",
    "package_amount": "200 g",
    "subcategory_name": "Sýry - Bločky a storuhané",
    "subcategory_url": "https://www.rohlik.cz/c300105027-blocky-a-strouhane"
  },
  {
    "name": "Dublin Dairy Irish cheddar white bloček",
    "price": "104,90 Kč",
    "unit_price": "524.5 Kč/kg",
    "package_amount": "200 g",
    "subcategory_name": "Sýry - Bločky a storuhané",
    "subcategory_url": "https://www.rohlik.cz/c300105027-blocky-a-strouhane"
  },
  {
    "name": "Lakmilk Strouhaný eidam 30%",
    "price": "34,90 Kč",
    "unit_price": "349 Kč/kg",
    "package_amount": "100 g",
    "subcategory_name": "Sýry - Bločky a storuhané",
    "subcategory_url": "https://www.rohlik.cz/c300105027-blocky-a-strouhane"
  },
  {
    "name": "Frico Gouda Holland sýr 48% I.G.P. výkroj",
    "price": "136,20 Kč",
    "unit_price": "513.96 Kč/kg",
    "package_amount": "265 g",
    "subcategory_name": "Sýry - Bločky a storuhané",
    "subcategory_url": "https://www.rohlik.cz/c300105027-blocky-a-strouhane"
  },
  {
    "name": "Rohlik.cz Mozzarella 40+ strouhaná",
    "price": "58,18 Kč",
    "unit_price": "549.9 Kč/kg",
    "package_amount": "cca 110 g",
    "subcategory_name": "Sýry - Bločky a storuhané",
    "subcategory_url": "https://www.rohlik.cz/c300105027-blocky-a-strouhane"
  },
  {
    "name": "Rohlik.cz Gorgonzola spoonable PDO",
    "price": "89,80 Kč",
    "unit_price": "699.9 Kč/kg",
    "package_amount": "cca 130 g",
    "subcategory_name": "Sýry - Bločky a storuhané",
    "subcategory_url": "https://www.rohlik.cz/c300105027-blocky-a-strouhane"
  },
  {
    "name": "Président Emmental bloček",
    "price": "136,20 Kč",
    "unit_price": "544.8 Kč/kg",
    "package_amount": "250 g",
    "subcategory_name": "Sýry - Bločky a storuhané",
    "subcategory_url": "https://www.rohlik.cz/c300105027-blocky-a-strouhane"
  },
  {
    "name": "Mini Babybel Original 3×20 g",
    "price": "44,90 Kč",
    "unit_price": "748.33 Kč/kg",
    "package_amount": "60 g",
    "subcategory_name": "Sýry - Bločky a storuhané",
    "subcategory_url": "https://www.rohlik.cz/c300105027-blocky-a-strouhane"
  },
  {
    "name": "Kozí uzený sýr",
    "price": "90,16 Kč",
    "unit_price": "603.9 Kč/kg",
    "package_amount": "cca 150 g",
    "subcategory_name": "Sýry - Bločky a storuhané",
    "subcategory_url": "https://www.rohlik.cz/c300105027-blocky-a-strouhane"
  },
  {
    "name": "Gran Moravia Sýr strouhaný 32%",
    "price": "54,90 Kč",
    "unit_price": "915 Kč/kg",
    "package_amount": "60 g",
    "subcategory_name": "Sýry - Bločky a storuhané",
    "subcategory_url": "https://www.rohlik.cz/c300105027-blocky-a-strouhane"
  },
  {
    "name": "Fourme d'Ambert PDO",
    "price": "68,84 Kč",
    "unit_price": "499.9 Kč/kg",
    "package_amount": "cca 140 g",
    "subcategory_name": "Sýry - Bločky a storuhané",
    "subcategory_url": "https://www.rohlik.cz/c300105027-blocky-a-strouhane"
  },
  {
    "name": "Kozí sýr extra zralý výkroj",
    "price": "115,68 Kč",
    "unit_price": "856.9 Kč/kg",
    "package_amount": "cca 140 g",
    "subcategory_name": "Sýry - Bločky a storuhané",
    "subcategory_url": "https://www.rohlik.cz/c300105027-blocky-a-strouhane"
  },
  {
    "name": "Mini Babybel Mix",
    "price": "119,90 Kč",
    "unit_price": "666.11 Kč/kg",
    "package_amount": "180 g",
    "subcategory_name": "Sýry - Bločky a storuhané",
    "subcategory_url": "https://www.rohlik.cz/c300105027-blocky-a-strouhane"
  },
  {
    "name": "Parmissimo Sýr parmazán Parmigiano Reggiano CHOP",
    "price": "74,90 Kč",
    "unit_price": "832.22 Kč/kg",
    "package_amount": "90 g",
    "subcategory_name": "Sýry - Bločky a storuhané",
    "subcategory_url": "https://www.rohlik.cz/c300105027-blocky-a-strouhane"
  },
  {
    "name": "Caseamo Farmářská Gouda s lanýži freshpack",
    "price": "153,38 Kč",
    "unit_price": "1022.5 Kč/kg",
    "package_amount": "cca 150 g",
    "subcategory_name": "Sýry - Bločky a storuhané",
    "subcategory_url": "https://www.rohlik.cz/c300105027-blocky-a-strouhane"
  },
  {
    "name": "Entremont Gruyere de France IGP",
    "price": "155,90 Kč",
    "unit_price": "779.5 Kč/kg",
    "package_amount": "200 g",
    "subcategory_name": "Sýry - Bločky a storuhané",
    "subcategory_url": "https://www.rohlik.cz/c300105027-blocky-a-strouhane"
  },
  {
    "name": "Cathedral City Cheddar Mature bloček",
    "price": "119,60 Kč",
    "unit_price": "598 Kč/kg",
    "package_amount": "200 g",
    "subcategory_name": "Sýry - Bločky a storuhané",
    "subcategory_url": "https://www.rohlik.cz/c300105027-blocky-a-strouhane"
  },
  {
    "name": "Rohlik.cz Le Gruyere AOP výkroj",
    "price": "220,83 Kč",
    "unit_price": "1299 Kč/kg",
    "package_amount": "cca 170 g",
    "subcategory_name": "Sýry - Bločky a storuhané",
    "subcategory_url": "https://www.rohlik.cz/c300105027-blocky-a-strouhane"
  },
  {
    "name": "Cathedral City Cheddar Extra Mature bloček",
    "price": "130,90 Kč",
    "unit_price": "654.5 Kč/kg",
    "package_amount": "200 g",
    "subcategory_name": "Sýry - Bločky a storuhané",
    "subcategory_url": "https://www.rohlik.cz/c300105027-blocky-a-strouhane"
  },
  {
    "name": "Rohlik.cz Maasdam výkroj",
    "price": "81,16 Kč",
    "unit_price": "449.89 Kč/kg",
    "package_amount": "cca 180 g",
    "subcategory_name": "Sýry - Bločky a storuhané",
    "subcategory_url": "https://www.rohlik.cz/c300105027-blocky-a-strouhane"
  },
  {
    "name": "Lye Cross Farm BIO Mild cheddar",
    "price": "145,90 Kč",
    "unit_price": "595.51 Kč/kg",
    "package_amount": "245 g",
    "subcategory_name": "Sýry - Bločky a storuhané",
    "subcategory_url": "https://www.rohlik.cz/c300105027-blocky-a-strouhane"
  },
  {
    "name": "Rohlik.cz Red Cheddar výkroj",
    "price": "80,17 Kč",
    "unit_price": "519.9 Kč/kg",
    "package_amount": "cca 150 g",
    "subcategory_name": "Sýry - Bločky a storuhané",
    "subcategory_url": "https://www.rohlik.cz/c300105027-blocky-a-strouhane"
  },
  {
    "name": "Entremont Comte AOP",
    "price": "155,90 Kč",
    "unit_price": "779.5 Kč/kg",
    "package_amount": "200 g",
    "subcategory_name": "Sýry - Bločky a storuhané",
    "subcategory_url": "https://www.rohlik.cz/c300105027-blocky-a-strouhane"
  },
  {
    "name": "Leerdammer Original srdce",
    "price": "179,90 Kč",
    "unit_price": "408.86 Kč/kg",
    "package_amount": "440 g",
    "subcategory_name": "Sýry - Bločky a storuhané",
    "subcategory_url": "https://www.rohlik.cz/c300105027-blocky-a-strouhane"
  },
  {
    "name": "Cantorel Selection AOC",
    "price": "243,30 Kč",
    "unit_price": "811 Kč/kg",
    "package_amount": "300 g",
    "subcategory_name": "Sýry - Bločky a storuhané",
    "subcategory_url": "https://www.rohlik.cz/c300105027-blocky-a-strouhane"
  },
  {
    "name": "Comte PDO",
    "price": "106,07 Kč",
    "unit_price": "815.9 Kč/kg",
    "package_amount": "cca 130 g",
    "subcategory_name": "Sýry - Bločky a storuhané",
    "subcategory_url": "https://www.rohlik.cz/c300105027-blocky-a-strouhane"
  },
  {
    "name": "Old Amsterdam Mild sýr",
    "price": "89,90 Kč",
    "unit_price": "691.54 Kč/kg",
    "package_amount": "130 g",
    "subcategory_name": "Sýry - Bločky a storuhané",
    "subcategory_url": "https://www.rohlik.cz/c300105027-blocky-a-strouhane"
  },
  {
    "name": "Frico Gouda olivy rajče výkroj",
    "price": "117,48 Kč",
    "unit_price": "856.9 Kč/kg",
    "package_amount": "cca 140 g",
    "subcategory_name": "Sýry - Bločky a storuhané",
    "subcategory_url": "https://www.rohlik.cz/c300105027-blocky-a-strouhane"
  },
  {
    "name": "Eidam výkroj 40%",
    "price": "56,02 Kč",
    "unit_price": "349.9 Kč/kg",
    "package_amount": "cca 160 g",
    "subcategory_name": "Sýry - Bločky a storuhané",
    "subcategory_url": "https://www.rohlik.cz/c300105027-blocky-a-strouhane"
  },
  {
    "name": "Cathedral City Cheddar Mild bloček",
    "price": "110,90 Kč",
    "unit_price": "554.5 Kč/kg",
    "package_amount": "200 g",
    "subcategory_name": "Sýry - Bločky a storuhané",
    "subcategory_url": "https://www.rohlik.cz/c300105027-blocky-a-strouhane"
  },
  {
    "name": "Rohlik.cz Iberico curado výkroj",
    "price": "99,90 Kč",
    "unit_price": "832.5 Kč/kg",
    "package_amount": "120 g",
    "subcategory_name": "Sýry - Bločky a storuhané",
    "subcategory_url": "https://www.rohlik.cz/c300105027-blocky-a-strouhane"
  },
  {
    "name": "Rohlik.cz Tete de Moine AOP",
    "price": "178,35 Kč",
    "unit_price": "1649.9 Kč/kg",
    "package_amount": "cca 110 g",
    "subcategory_name": "Sýry - Bločky a storuhané",
    "subcategory_url": "https://www.rohlik.cz/c300105027-blocky-a-strouhane"
  },
  {
    "name": "Gran Moravia Julienne hrubě strouhaný sýr 32%",
    "price": "74,90 Kč",
    "unit_price": "749 Kč/kg",
    "package_amount": "100 g",
    "subcategory_name": "Sýry - Bločky a storuhané",
    "subcategory_url": "https://www.rohlik.cz/c300105027-blocky-a-strouhane"
  },
  {
    "name": "Parmareggio Parmigiano Reggiano Julienne strouhaný sýr",
    "price": "74,90 Kč",
    "unit_price": "881.18 Kč/kg",
    "package_amount": "85 g",
    "subcategory_name": "Sýry - Bločky a storuhané",
    "subcategory_url": "https://www.rohlik.cz/c300105027-blocky-a-strouhane"
  },
  {
    "name": "Dublin Dairy Irish Cheddar White Mature bloček",
    "price": "114,90 Kč",
    "unit_price": "574.5 Kč/kg",
    "package_amount": "200 g",
    "subcategory_name": "Sýry - Bločky a storuhané",
    "subcategory_url": "https://www.rohlik.cz/c300105027-blocky-a-strouhane"
  },
  {
    "name": "Rohlik.cz Appenzeller výkroj",
    "price": "139,90 Kč",
    "unit_price": "1165.83 Kč/kg",
    "package_amount": "120 g",
    "subcategory_name": "Sýry - Bločky a storuhané",
    "subcategory_url": "https://www.rohlik.cz/c300105027-blocky-a-strouhane"
  },
  {
    "name": "Pinna Strouhaný sýr Pecorino Romano DOP",
    "price": "69,90 Kč",
    "unit_price": "1127.42 Kč/kg",
    "package_amount": "62 g",
    "subcategory_name": "Sýry - Bločky a storuhané",
    "subcategory_url": "https://www.rohlik.cz/c300105027-blocky-a-strouhane"
  },
  {
    "name": "Kozí brie",
    "price": "136,87 Kč",
    "unit_price": "788.9 Kč/kg",
    "package_amount": "cca 170 g",
    "subcategory_name": "Sýry - Bločky a storuhané",
    "subcategory_url": "https://www.rohlik.cz/c300105027-blocky-a-strouhane"
  },
  {
    "name": "Rohlik.cz Provolone výkroj",
    "price": "94,30 Kč",
    "unit_price": "599.9 Kč/kg",
    "package_amount": "cca 160 g",
    "subcategory_name": "Sýry - Bločky a storuhané",
    "subcategory_url": "https://www.rohlik.cz/c300105027-blocky-a-strouhane"
  },
  {
    "name": "Heinrichsthaler Gouda 48% bloček",
    "price": "121,60 Kč",
    "unit_price": "486.4 Kč/kg",
    "package_amount": "250 g",
    "subcategory_name": "Sýry - Bločky a storuhané",
    "subcategory_url": "https://www.rohlik.cz/c300105027-blocky-a-strouhane"
  },
  {
    "name": "Gran Moravia Scaglie sýrové hobliny 32%",
    "price": "74,90 Kč",
    "unit_price": "749 Kč/kg",
    "package_amount": "100 g",
    "subcategory_name": "Sýry - Bločky a storuhané",
    "subcategory_url": "https://www.rohlik.cz/c300105027-blocky-a-strouhane"
  },
  {
    "name": "Alnatura BIO Gouda polotvrdý sýr 50%",
    "price": "106,90 Kč",
    "unit_price": "534.5 Kč/kg",
    "package_amount": "200 g",
    "subcategory_name": "Sýry - Bločky a storuhané",
    "subcategory_url": "https://www.rohlik.cz/c300105027-blocky-a-strouhane"
  },
  {
    "name": "Rohlik.cz Mild White Cheddar výkroj",
    "price": "90,44 Kč",
    "unit_price": "569.9 Kč/kg",
    "package_amount": "cca 160 g",
    "subcategory_name": "Sýry - Bločky a storuhané",
    "subcategory_url": "https://www.rohlik.cz/c300105027-blocky-a-strouhane"
  },
  {
    "name": "Heinrichsthaler Gouda strouhaná v sáčku se zipem",
    "price": "159,90 Kč",
    "unit_price": "799.5 Kč/kg",
    "package_amount": "200 g",
    "subcategory_name": "Sýry - Bločky a storuhané",
    "subcategory_url": "https://www.rohlik.cz/c300105027-blocky-a-strouhane"
  },
  {
    "name": "Van Breukelen Kaas Farmářská Gouda Mature Sweet výkroj",
    "price": "118,98 Kč",
    "unit_price": "701.1 Kč/kg",
    "package_amount": "cca 170 g",
    "subcategory_name": "Sýry - Bločky a storuhané",
    "subcategory_url": "https://www.rohlik.cz/c300105027-blocky-a-strouhane"
  },
  {
    "name": "Lustenberger 1862 Aromatic savoury výkroj",
    "price": "98,72 Kč",
    "unit_price": "759.97 Kč/kg",
    "package_amount": "cca 130 g",
    "subcategory_name": "Sýry - Bločky a storuhané",
    "subcategory_url": "https://www.rohlik.cz/c300105027-blocky-a-strouhane"
  },
  {
    "name": "Old Amsterdam bloček",
    "price": "197,90 Kč",
    "unit_price": "791.6 Kč/kg",
    "package_amount": "250 g",
    "subcategory_name": "Sýry - Bločky a storuhané",
    "subcategory_url": "https://www.rohlik.cz/c300105027-blocky-a-strouhane"
  },
  {
    "name": "Parmareggio Reggiano sýrové vločky",
    "price": "92,90 Kč",
    "unit_price": "929 Kč/kg",
    "package_amount": "100 g",
    "subcategory_name": "Sýry - Bločky a storuhané",
    "subcategory_url": "https://www.rohlik.cz/c300105027-blocky-a-strouhane"
  },
  {
    "name": "Parmareggio Parmigiano Reggiano DOP strouhaný 30 měsíců",
    "price": "69,90 Kč",
    "unit_price": "1165 Kč/kg",
    "package_amount": "60 g",
    "subcategory_name": "Sýry - Bločky a storuhané",
    "subcategory_url": "https://www.rohlik.cz/c300105027-blocky-a-strouhane"
  },
  {
    "name": "Comté extra vieux AOP",
    "price": "379,78 Kč",
    "unit_price": "1460.7 Kč/kg",
    "package_amount": "cca 260 g",
    "subcategory_name": "Sýry - Bločky a storuhané",
    "subcategory_url": "https://www.rohlik.cz/c300105027-blocky-a-strouhane"
  },
  {
    "name": "Caseamo Uzená Gouda freshpack",
    "price": "79,57 Kč",
    "unit_price": "574.5 Kč/kg",
    "package_amount": "cca 140 g",
    "subcategory_name": "Sýry - Bločky a storuhané",
    "subcategory_url": "https://www.rohlik.cz/c300105027-blocky-a-strouhane"
  },
  {
    "name": "Džiugas Mild tvrdý sýr zrající 12 měsíců",
    "price": "109,90 Kč",
    "unit_price": "610.56 Kč/kg",
    "package_amount": "180 g",
    "subcategory_name": "Sýry - Bločky a storuhané",
    "subcategory_url": "https://www.rohlik.cz/c300105027-blocky-a-strouhane"
  },
  {
    "name": "Rohlik.cz Provolone uzené výkroj",
    "price": "95,74 Kč",
    "unit_price": "599.9 Kč/kg",
    "package_amount": "cca 160 g",
    "subcategory_name": "Sýry - Bločky a storuhané",
    "subcategory_url": "https://www.rohlik.cz/c300105027-blocky-a-strouhane"
  },
  {
    "name": "Frico Old Dutch Master Gouda sýr 48% výkroj",
    "price": "126,50 Kč",
    "unit_price": "702.78 Kč/kg",
    "package_amount": "180 g",
    "subcategory_name": "Sýry - Bločky a storuhané",
    "subcategory_url": "https://www.rohlik.cz/c300105027-blocky-a-strouhane"
  },
  {
    "name": "L'Opera sýr",
    "price": "148,86 Kč",
    "unit_price": "744.3 Kč/kg",
    "package_amount": "200 g",
    "subcategory_name": "Sýry - Bločky a storuhané",
    "subcategory_url": "https://www.rohlik.cz/c300105027-blocky-a-strouhane"
  },
  {
    "name": "Old Amsterdam reserve",
    "price": "132,90 Kč",
    "unit_price": "1022.31 Kč/kg",
    "package_amount": "130 g",
    "subcategory_name": "Sýry - Bločky a storuhané",
    "subcategory_url": "https://www.rohlik.cz/c300105027-blocky-a-strouhane"
  },
  {
    "name": "Rohlik.cz Oak-Smoked Cheddar výkroj",
    "price": "122,80 Kč",
    "unit_price": "759.9 Kč/kg",
    "package_amount": "cca 160 g",
    "subcategory_name": "Sýry - Bločky a storuhané",
    "subcategory_url": "https://www.rohlik.cz/c300105027-blocky-a-strouhane"
  },
  {
    "name": "Statek Horní Dvorce Ovčí gouda",
    "price": "101,99 Kč",
    "unit_price": "849.9 Kč/kg",
    "package_amount": "cca 120 g",
    "subcategory_name": "Sýry - Bločky a storuhané",
    "subcategory_url": "https://www.rohlik.cz/c300105027-blocky-a-strouhane"
  },
  {
    "name": "Van den Veer Gouda s červeným pestem výkroj",
    "price": "95,52 Kč",
    "unit_price": "730.3 Kč/kg",
    "package_amount": "cca 130 g",
    "subcategory_name": "Sýry - Bločky a storuhané",
    "subcategory_url": "https://www.rohlik.cz/c300105027-blocky-a-strouhane"
  },
  {
    "name": "Deli Q Daily Plant Bloček s příchutí sýru řeckého typu",
    "price": "44,90 Kč",
    "unit_price": "299.33 Kč/kg",
    "package_amount": "150 g",
    "subcategory_name": "Sýry - Bločky a storuhané",
    "subcategory_url": "https://www.rohlik.cz/c300105027-blocky-a-strouhane"
  },
  {
    "name": "Statek Horní Dvorce Gouda ovčí strouhaný sýr",
    "price": "83,90 Kč",
    "unit_price": "1118.67 Kč/kg",
    "package_amount": "75 g",
    "subcategory_name": "Sýry - Bločky a storuhané",
    "subcategory_url": "https://www.rohlik.cz/c300105027-blocky-a-strouhane"
  },
  {
    "name": "Singletons Vintage bílý čedar bloček",
    "price": "129,90 Kč",
    "unit_price": "649.5 Kč/kg",
    "package_amount": "200 g",
    "subcategory_name": "Sýry - Bločky a storuhané",
    "subcategory_url": "https://www.rohlik.cz/c300105027-blocky-a-strouhane"
  },
  {
    "name": "Gudbrandsdalen Norský sýr",
    "price": "249,90 Kč",
    "unit_price": "999.6 Kč/kg",
    "package_amount": "250 g",
    "subcategory_name": "Sýry - Bločky a storuhané",
    "subcategory_url": "https://www.rohlik.cz/c300105027-blocky-a-strouhane"
  },
  {
    "name": "Snowdonia Cheddar beechwood přirozeně uzený extra uleželý sýr",
    "price": "223,90 Kč",
    "unit_price": "1119.5 Kč/kg",
    "package_amount": "200 g",
    "subcategory_name": "Sýry - Bločky a storuhané",
    "subcategory_url": "https://www.rohlik.cz/c300105027-blocky-a-strouhane"
  },
  {
    "name": "Snowdonia Cheddar red devil červený sýr s chilli",
    "price": "223,90 Kč",
    "unit_price": "1119.5 Kč/kg",
    "package_amount": "200 g",
    "subcategory_name": "Sýry - Bločky a storuhané",
    "subcategory_url": "https://www.rohlik.cz/c300105027-blocky-a-strouhane"
  },
  {
    "name": "Laguiole de L'aubrac",
    "price": "155,80 Kč",
    "unit_price": "779 Kč/kg",
    "package_amount": "cca 200 g",
    "subcategory_name": "Sýry - Bločky a storuhané",
    "subcategory_url": "https://www.rohlik.cz/c300105027-blocky-a-strouhane"
  },
  {
    "name": "Camembert AOP",
    "price": "214,10 Kč",
    "unit_price": "856.4 Kč/kg",
    "package_amount": "250 g",
    "subcategory_name": "Sýry - Bločky a storuhané",
    "subcategory_url": "https://www.rohlik.cz/c300105027-blocky-a-strouhane"
  },
  {
    "name": "Snowdonia Cheddar truffle trove sýr s lanýžem",
    "price": "289,90 Kč",
    "unit_price": "1932.67 Kč/kg",
    "package_amount": "150 g",
    "subcategory_name": "Sýry - Bločky a storuhané",
    "subcategory_url": "https://www.rohlik.cz/c300105027-blocky-a-strouhane"
  },
  {
    "name": "El Pastor Iberico semicurado sýr",
    "price": "89,90 Kč",
    "unit_price": "599.33 Kč/kg",
    "package_amount": "150 g",
    "subcategory_name": "Sýry - Bločky a storuhané",
    "subcategory_url": "https://www.rohlik.cz/c300105027-blocky-a-strouhane"
  },
  {
    "name": "Snowdonia Cheddar black bomber extra uleželý sýr",
    "price": "223,90 Kč",
    "unit_price": "1119.5 Kč/kg",
    "package_amount": "200 g",
    "subcategory_name": "Sýry - Bločky a storuhané",
    "subcategory_url": "https://www.rohlik.cz/c300105027-blocky-a-strouhane"
  },
  {
    "name": "Džiugas Delicate tvrdý sýr zrající 24 měsíců",
    "price": "129,90 Kč",
    "unit_price": "721.67 Kč/kg",
    "package_amount": "180 g",
    "subcategory_name": "Sýry - Bločky a storuhané",
    "subcategory_url": "https://www.rohlik.cz/c300105027-blocky-a-strouhane"
  },
  {
    "name": "Rohlik.cz Gorgonzola spicy PDO \"Il Bacco Verde\" výkroj",
    "price": "108,27 Kč",
    "unit_price": "847.2 Kč/kg",
    "package_amount": "cca 130 g",
    "subcategory_name": "Sýry - Bločky a storuhané",
    "subcategory_url": "https://www.rohlik.cz/c300105027-blocky-a-strouhane"
  },
  {
    "name": "Snowdonia Cheddar ruby mist sýr s bílým portským a brandy",
    "price": "223,90 Kč",
    "unit_price": "1119.5 Kč/kg",
    "package_amount": "200 g",
    "subcategory_name": "Sýry - Bločky a storuhané",
    "subcategory_url": "https://www.rohlik.cz/c300105027-blocky-a-strouhane"
  },
  {
    "name": "Allerum Grevé tvrdý sýr",
    "price": "399,90 Kč",
    "unit_price": "1066.4 Kč/kg",
    "package_amount": "375 g",
    "subcategory_name": "Sýry - Bločky a storuhané",
    "subcategory_url": "https://www.rohlik.cz/c300105027-blocky-a-strouhane"
  },
  {
    "name": "Snowdonia Cheddar amber mist sýr s whisky",
    "price": "223,90 Kč",
    "unit_price": "1119.5 Kč/kg",
    "package_amount": "200 g",
    "subcategory_name": "Sýry - Bločky a storuhané",
    "subcategory_url": "https://www.rohlik.cz/c300105027-blocky-a-strouhane"
  },
  {
    "name": "Snowdonia Cheddar red storm extra zralý červený Leicesterský sýr",
    "price": "223,90 Kč",
    "unit_price": "1119.5 Kč/kg",
    "package_amount": "200 g",
    "subcategory_name": "Sýry - Bločky a storuhané",
    "subcategory_url": "https://www.rohlik.cz/c300105027-blocky-a-strouhane"
  },
  {
    "name": "Pont l'Eveque AOP",
    "price": "350,50 Kč",
    "unit_price": "876.25 Kč/kg",
    "package_amount": "400 g",
    "subcategory_name": "Sýry - Bločky a storuhané",
    "subcategory_url": "https://www.rohlik.cz/c300105027-blocky-a-strouhane"
  },
  {
    "name": "Singletons Oak smoked červený čedar uzený bloček",
    "price": "149,90 Kč",
    "unit_price": "749.5 Kč/kg",
    "package_amount": "200 g",
    "subcategory_name": "Sýry - Bločky a storuhané",
    "subcategory_url": "https://www.rohlik.cz/c300105027-blocky-a-strouhane"
  },
  {
    "name": "Singletons Oak smoked čedar uzený bloček",
    "price": "149,90 Kč",
    "unit_price": "749.5 Kč/kg",
    "package_amount": "200 g",
    "subcategory_name": "Sýry - Bločky a storuhané",
    "subcategory_url": "https://www.rohlik.cz/c300105027-blocky-a-strouhane"
  },
  {
    "name": "BIO Kozí sýr",
    "price": "106 Kč",
    "unit_price": "876.9 Kč/kg",
    "package_amount": "cca 120 g",
    "subcategory_name": "Sýry - Bločky a storuhané",
    "subcategory_url": "https://www.rohlik.cz/c300105027-blocky-a-strouhane"
  },
  {
    "name": "Mini Babybel Protein",
    "price": "44,90 Kč",
    "unit_price": "748.33 Kč/kg",
    "package_amount": "60 g",
    "subcategory_name": "Sýry - Bločky a storuhané",
    "subcategory_url": "https://www.rohlik.cz/c300105027-blocky-a-strouhane"
  },
  {
    "name": "IDS Gruyère CHZO francouzský sýr",
    "price": "136,20 Kč",
    "unit_price": "544.8 Kč/kg",
    "package_amount": "250 g",
    "subcategory_name": "Sýry - Bločky a storuhané",
    "subcategory_url": "https://www.rohlik.cz/c300105027-blocky-a-strouhane"
  },
  {
    "name": "Asiago PDO",
    "price": "95,03 Kč",
    "unit_price": "619.9 Kč/kg",
    "package_amount": "cca 150 g",
    "subcategory_name": "Sýry - Bločky a storuhané",
    "subcategory_url": "https://www.rohlik.cz/c300105027-blocky-a-strouhane"
  },
  {
    "name": "Miil BIO Feta sýr P.D.O.",
    "price": "89,90 Kč",
    "unit_price": "499.44 Kč/kg",
    "package_amount": "180 g",
    "subcategory_name": "Sýry - Salátové",
    "subcategory_url": "https://www.rohlik.cz/c300124066-mozzarella-ricotta-a-salatove-syry"
  },
  {
    "name": "Miil Mozzarella 42%",
    "price": "23,90 Kč",
    "unit_price": "191.2 Kč/kg",
    "package_amount": "125 g",
    "subcategory_name": "Sýry - Salátové",
    "subcategory_url": "https://www.rohlik.cz/c300124066-mozzarella-ricotta-a-salatove-syry"
  },
  {
    "name": "Miil Mozzarella Mini 42%",
    "price": "32,90 Kč",
    "unit_price": "219.33 Kč/kg",
    "package_amount": "150 g",
    "subcategory_name": "Sýry - Salátové",
    "subcategory_url": "https://www.rohlik.cz/c300124066-mozzarella-ricotta-a-salatove-syry"
  },
  {
    "name": "Miil Mozzarella light",
    "price": "23,90 Kč",
    "unit_price": "191.2 Kč/kg",
    "package_amount": "125 g",
    "subcategory_name": "Sýry - Salátové",
    "subcategory_url": "https://www.rohlik.cz/c300124066-mozzarella-ricotta-a-salatove-syry"
  },
  {
    "name": "Balsýr Žirovnický sýr balkánského typu",
    "price": "45,90 Kč",
    "unit_price": "229.5 Kč/kg",
    "package_amount": "200 g",
    "subcategory_name": "Sýry - Salátové",
    "subcategory_url": "https://www.rohlik.cz/c300124066-mozzarella-ricotta-a-salatove-syry"
  },
  {
    "name": "Galbani Mozzarella",
    "price": "29,90 Kč",
    "unit_price": "239.2 Kč/kg",
    "package_amount": "125 g",
    "subcategory_name": "Sýry - Salátové",
    "subcategory_url": "https://www.rohlik.cz/c300124066-mozzarella-ricotta-a-salatove-syry"
  },
  {
    "name": "Formagia Mozzarella strouhaná",
    "price": "50,92 Kč",
    "unit_price": "339.47 Kč/kg",
    "package_amount": "150 g",
    "subcategory_name": "Sýry - Salátové",
    "subcategory_url": "https://www.rohlik.cz/c300124066-mozzarella-ricotta-a-salatove-syry"
  },
  {
    "name": "Miil Feta sýr P.D.O.",
    "price": "69,90 Kč",
    "unit_price": "349.5 Kč/kg",
    "package_amount": "200 g",
    "subcategory_name": "Sýry - Salátové",
    "subcategory_url": "https://www.rohlik.cz/c300124066-mozzarella-ricotta-a-salatove-syry"
  },
  {
    "name": "Galbani Mozzarella mini",
    "price": "39,90 Kč",
    "unit_price": "266 Kč/kg",
    "package_amount": "150 g",
    "subcategory_name": "Sýry - Salátové",
    "subcategory_url": "https://www.rohlik.cz/c300124066-mozzarella-ricotta-a-salatove-syry"
  },
  {
    "name": "Miil Ricotta",
    "price": "31,90 Kč",
    "unit_price": "127.6 Kč/kg",
    "package_amount": "250 g",
    "subcategory_name": "Sýry - Salátové",
    "subcategory_url": "https://www.rohlik.cz/c300124066-mozzarella-ricotta-a-salatove-syry"
  },
  {
    "name": "Radonický Balkán",
    "price": "37,90 Kč",
    "unit_price": "303.2 Kč/kg",
    "package_amount": "125 g",
    "subcategory_name": "Sýry - Salátové",
    "subcategory_url": "https://www.rohlik.cz/c300124066-mozzarella-ricotta-a-salatove-syry"
  },
  {
    "name": "Galbani Mozzarella perline perličky",
    "price": "39,90 Kč",
    "unit_price": "266 Kč/kg",
    "package_amount": "150 g",
    "subcategory_name": "Sýry - Salátové",
    "subcategory_url": "https://www.rohlik.cz/c300124066-mozzarella-ricotta-a-salatove-syry"
  },
  {
    "name": "MozzarellArt Burrata",
    "price": "83,90 Kč",
    "unit_price": "671.2 Kč/kg",
    "package_amount": "125 g",
    "subcategory_name": "Sýry - Salátové",
    "subcategory_url": "https://www.rohlik.cz/c300124066-mozzarella-ricotta-a-salatove-syry"
  },
  {
    "name": "Président Salakis balkánský sýr jemný",
    "price": "69,90 Kč",
    "unit_price": "279.6 Kč/kg",
    "package_amount": "250 g",
    "subcategory_name": "Sýry - Salátové",
    "subcategory_url": "https://www.rohlik.cz/c300124066-mozzarella-ricotta-a-salatove-syry"
  },
  {
    "name": "Maldera Burratina",
    "price": "59,90 Kč",
    "unit_price": "479.2 Kč/kg",
    "package_amount": "125 g",
    "subcategory_name": "Sýry - Salátové",
    "subcategory_url": "https://www.rohlik.cz/c300124066-mozzarella-ricotta-a-salatove-syry"
  },
  {
    "name": "Grikios Sýr feta",
    "price": "54,90 Kč",
    "unit_price": "549 Kč/kg",
    "package_amount": "100 g",
    "subcategory_name": "Sýry - Salátové",
    "subcategory_url": "https://www.rohlik.cz/c300124066-mozzarella-ricotta-a-salatove-syry"
  },
  {
    "name": "Galbani Burrata",
    "price": "74,90 Kč",
    "unit_price": "499.33 Kč/kg",
    "package_amount": "150 g",
    "subcategory_name": "Sýry - Salátové",
    "subcategory_url": "https://www.rohlik.cz/c300124066-mozzarella-ricotta-a-salatove-syry"
  },
  {
    "name": "Madeta Balkánský sýr",
    "price": "35,90 Kč",
    "unit_price": "312.17 Kč/kg",
    "package_amount": "115 g",
    "subcategory_name": "Sýry - Salátové",
    "subcategory_url": "https://www.rohlik.cz/c300124066-mozzarella-ricotta-a-salatove-syry"
  },
  {
    "name": "Zottarella Proteinové tyčinky 4×21 g",
    "price": "43,90 Kč",
    "unit_price": "522.62 Kč/kg",
    "package_amount": "84 g",
    "subcategory_name": "Sýry - Salátové",
    "subcategory_url": "https://www.rohlik.cz/c300124066-mozzarella-ricotta-a-salatove-syry"
  },
  {
    "name": "Galbani Mozzarella light",
    "price": "29,90 Kč",
    "unit_price": "239.2 Kč/kg",
    "package_amount": "125 g",
    "subcategory_name": "Sýry - Salátové",
    "subcategory_url": "https://www.rohlik.cz/c300124066-mozzarella-ricotta-a-salatove-syry"
  },
  {
    "name": "Lučina Salátová jemně slaná",
    "price": "53,90 Kč",
    "unit_price": "359.33 Kč/kg",
    "package_amount": "150 g",
    "subcategory_name": "Sýry - Salátové",
    "subcategory_url": "https://www.rohlik.cz/c300124066-mozzarella-ricotta-a-salatove-syry"
  },
  {
    "name": "Galbani Mozzarella mini light",
    "price": "42,90 Kč",
    "unit_price": "286 Kč/kg",
    "package_amount": "150 g",
    "subcategory_name": "Sýry - Salátové",
    "subcategory_url": "https://www.rohlik.cz/c300124066-mozzarella-ricotta-a-salatove-syry"
  },
  {
    "name": "Rohlik.cz Mozzarella Fiordilate",
    "price": "69,90 Kč",
    "unit_price": "349.5 Kč/kg",
    "package_amount": "200 g",
    "subcategory_name": "Sýry - Salátové",
    "subcategory_url": "https://www.rohlik.cz/c300124066-mozzarella-ricotta-a-salatove-syry"
  },
  {
    "name": "Dodoni Feta sýr",
    "price": "114,90 Kč",
    "unit_price": "766 Kč/kg",
    "package_amount": "150 g",
    "subcategory_name": "Sýry - Salátové",
    "subcategory_url": "https://www.rohlik.cz/c300124066-mozzarella-ricotta-a-salatove-syry"
  },
  {
    "name": "MozzarellArt Mozzarella FiorDiLatte",
    "price": "60,20 Kč",
    "unit_price": "481.6 Kč/kg",
    "package_amount": "125 g",
    "subcategory_name": "Sýry - Salátové",
    "subcategory_url": "https://www.rohlik.cz/c300124066-mozzarella-ricotta-a-salatove-syry"
  },
  {
    "name": "Galbani Mozzarella protein",
    "price": "44,90 Kč",
    "unit_price": "359.2 Kč/kg",
    "package_amount": "125 g",
    "subcategory_name": "Sýry - Salátové",
    "subcategory_url": "https://www.rohlik.cz/c300124066-mozzarella-ricotta-a-salatove-syry"
  },
  {
    "name": "Galbani Ricotta",
    "price": "46,90 Kč",
    "unit_price": "187.6 Kč/kg",
    "package_amount": "250 g",
    "subcategory_name": "Sýry - Salátové",
    "subcategory_url": "https://www.rohlik.cz/c300124066-mozzarella-ricotta-a-salatove-syry"
  },
  {
    "name": "Rohlik.cz Ricotta",
    "price": "49,90 Kč",
    "unit_price": "249.5 Kč/kg",
    "package_amount": "200 g",
    "subcategory_name": "Sýry - Salátové",
    "subcategory_url": "https://www.rohlik.cz/c300124066-mozzarella-ricotta-a-salatove-syry"
  },
  {
    "name": "Maldera Burratina s lanýžem",
    "price": "69,90 Kč",
    "unit_price": "559.2 Kč/kg",
    "package_amount": "125 g",
    "subcategory_name": "Sýry - Salátové",
    "subcategory_url": "https://www.rohlik.cz/c300124066-mozzarella-ricotta-a-salatove-syry"
  },
  {
    "name": "Feta P.D.O.",
    "price": "107 Kč",
    "unit_price": "535 Kč/kg",
    "package_amount": "200 g",
    "subcategory_name": "Sýry - Salátové",
    "subcategory_url": "https://www.rohlik.cz/c300124066-mozzarella-ricotta-a-salatove-syry"
  },
  {
    "name": "Président Salakis Feta sýr",
    "price": "99,90 Kč",
    "unit_price": "499.5 Kč/kg",
    "package_amount": "200 g",
    "subcategory_name": "Sýry - Salátové",
    "subcategory_url": "https://www.rohlik.cz/c300124066-mozzarella-ricotta-a-salatove-syry"
  },
  {
    "name": "Granarolo High protein ricotta",
    "price": "54,40 Kč",
    "unit_price": "217.6 Kč/kg",
    "package_amount": "250 g",
    "subcategory_name": "Sýry - Salátové",
    "subcategory_url": "https://www.rohlik.cz/c300124066-mozzarella-ricotta-a-salatove-syry"
  },
  {
    "name": "Alnatura BIO Mozzarella",
    "price": "54,90 Kč",
    "unit_price": "439.2 Kč/kg",
    "package_amount": "125 g",
    "subcategory_name": "Sýry - Salátové",
    "subcategory_url": "https://www.rohlik.cz/c300124066-mozzarella-ricotta-a-salatove-syry"
  },
  {
    "name": "MozzarellArt Scamorza ciliegina uzená",
    "price": "89,50 Kč",
    "unit_price": "447.5 Kč/kg",
    "package_amount": "200 g",
    "subcategory_name": "Sýry - Salátové",
    "subcategory_url": "https://www.rohlik.cz/c300124066-mozzarella-ricotta-a-salatove-syry"
  },
  {
    "name": "MozzarellArt Stracciatella",
    "price": "126,50 Kč",
    "unit_price": "632.5 Kč/kg",
    "package_amount": "200 g",
    "subcategory_name": "Sýry - Salátové",
    "subcategory_url": "https://www.rohlik.cz/c300124066-mozzarella-ricotta-a-salatove-syry"
  },
  {
    "name": "Grikios Sýr do salátu",
    "price": "55,90 Kč",
    "unit_price": "207.04 Kč/kg",
    "package_amount": "270 g",
    "subcategory_name": "Sýry - Salátové",
    "subcategory_url": "https://www.rohlik.cz/c300124066-mozzarella-ricotta-a-salatove-syry"
  },
  {
    "name": "Galbani Bocconcini",
    "price": "49,90 Kč",
    "unit_price": "249.5 Kč/kg",
    "package_amount": "200 g",
    "subcategory_name": "Sýry - Salátové",
    "subcategory_url": "https://www.rohlik.cz/c300124066-mozzarella-ricotta-a-salatove-syry"
  },
  {
    "name": "MozzarellArt Ciliegina",
    "price": "87,50 Kč",
    "unit_price": "437.5 Kč/kg",
    "package_amount": "200 g",
    "subcategory_name": "Sýry - Salátové",
    "subcategory_url": "https://www.rohlik.cz/c300124066-mozzarella-ricotta-a-salatove-syry"
  },
  {
    "name": "Feta P.D.O.",
    "price": "214,10 Kč",
    "unit_price": "535.25 Kč/kg",
    "package_amount": "400 g",
    "subcategory_name": "Sýry - Salátové",
    "subcategory_url": "https://www.rohlik.cz/c300124066-mozzarella-ricotta-a-salatove-syry"
  },
  {
    "name": "MozzarellArt Scamorza ciliegina",
    "price": "89,50 Kč",
    "unit_price": "447.5 Kč/kg",
    "package_amount": "200 g",
    "subcategory_name": "Sýry - Salátové",
    "subcategory_url": "https://www.rohlik.cz/c300124066-mozzarella-ricotta-a-salatove-syry"
  },
  {
    "name": "Grikios Salátový sýr",
    "price": "52,90 Kč",
    "unit_price": "264.5 Kč/kg",
    "package_amount": "200 g",
    "subcategory_name": "Sýry - Salátové",
    "subcategory_url": "https://www.rohlik.cz/c300124066-mozzarella-ricotta-a-salatove-syry"
  },
  {
    "name": "Rohlik.cz Mozzarella Fiordilate strouhaná",
    "price": "99,90 Kč",
    "unit_price": "399.6 Kč/kg",
    "package_amount": "250 g",
    "subcategory_name": "Sýry - Salátové",
    "subcategory_url": "https://www.rohlik.cz/c300124066-mozzarella-ricotta-a-salatove-syry"
  },
  {
    "name": "Cilento Mozzarella di Bufala Campana CHOP Bocconcini v kelímku",
    "price": "152,90 Kč",
    "unit_price": "509.67 Kč/kg",
    "package_amount": "300 g",
    "subcategory_name": "Sýry - Salátové",
    "subcategory_url": "https://www.rohlik.cz/c300124066-mozzarella-ricotta-a-salatove-syry"
  },
  {
    "name": "Cilento Burrata di Bufala",
    "price": "70,90 Kč",
    "unit_price": "567.2 Kč/kg",
    "package_amount": "125 g",
    "subcategory_name": "Sýry - Salátové",
    "subcategory_url": "https://www.rohlik.cz/c300124066-mozzarella-ricotta-a-salatove-syry"
  },
  {
    "name": "Alnatura BIO Mozzarella rolka",
    "price": "109,90 Kč",
    "unit_price": "366.33 Kč/kg",
    "package_amount": "300 g",
    "subcategory_name": "Sýry - Salátové",
    "subcategory_url": "https://www.rohlik.cz/c300124066-mozzarella-ricotta-a-salatove-syry"
  },
  {
    "name": "Granarolo High protein stracchino",
    "price": "54,40 Kč",
    "unit_price": "340 Kč/kg",
    "package_amount": "160 g",
    "subcategory_name": "Sýry - Salátové",
    "subcategory_url": "https://www.rohlik.cz/c300124066-mozzarella-ricotta-a-salatove-syry"
  },
  {
    "name": "Zott Zottarella Minis classic",
    "price": "43,90 Kč",
    "unit_price": "292.67 Kč/kg",
    "package_amount": "150 g",
    "subcategory_name": "Sýry - Salátové",
    "subcategory_url": "https://www.rohlik.cz/c300124066-mozzarella-ricotta-a-salatove-syry"
  },
  {
    "name": "Rohlik.cz Řecká feta sýr P.D.O.",
    "price": "106 Kč",
    "unit_price": "649.9 Kč/kg",
    "package_amount": "cca 160 g",
    "subcategory_name": "Sýry - Salátové",
    "subcategory_url": "https://www.rohlik.cz/c300124066-mozzarella-ricotta-a-salatove-syry"
  },
  {
    "name": "Neogal Feta kostky P.D.O.",
    "price": "111,90 Kč",
    "unit_price": "746 Kč/kg",
    "package_amount": "150 g",
    "subcategory_name": "Sýry - Salátové",
    "subcategory_url": "https://www.rohlik.cz/c300124066-mozzarella-ricotta-a-salatove-syry"
  },
  {
    "name": "MozzarellArt Ricotta",
    "price": "84,60 Kč",
    "unit_price": "338.4 Kč/kg",
    "package_amount": "250 g",
    "subcategory_name": "Sýry - Salátové",
    "subcategory_url": "https://www.rohlik.cz/c300124066-mozzarella-ricotta-a-salatove-syry"
  },
  {
    "name": "MozzarellArt Scamorza",
    "price": "121,60 Kč",
    "unit_price": "486.4 Kč/kg",
    "package_amount": "250 g",
    "subcategory_name": "Sýry - Salátové",
    "subcategory_url": "https://www.rohlik.cz/c300124066-mozzarella-ricotta-a-salatove-syry"
  },
  {
    "name": "Smetanito Sýr na pánev a gril jemně pikantní",
    "price": "104,90 Kč",
    "unit_price": "524.5 Kč/kg",
    "package_amount": "200 g",
    "subcategory_name": "Sýry - Salátové",
    "subcategory_url": "https://www.rohlik.cz/c300124066-mozzarella-ricotta-a-salatove-syry"
  },
  {
    "name": "MozzarellArt Mozzarella Nodino 4 ks",
    "price": "116,70 Kč",
    "unit_price": "583.5 Kč/kg",
    "package_amount": "200 g",
    "subcategory_name": "Sýry - Salátové",
    "subcategory_url": "https://www.rohlik.cz/c300124066-mozzarella-ricotta-a-salatove-syry"
  },
  {
    "name": "Granarolo Gocce di Mozzarella kuličky",
    "price": "50,90 Kč",
    "unit_price": "407.2 Kč/kg",
    "package_amount": "125 g",
    "subcategory_name": "Sýry - Salátové",
    "subcategory_url": "https://www.rohlik.cz/c300124066-mozzarella-ricotta-a-salatove-syry"
  },
  {
    "name": "Morbidi Ricotta stagionata",
    "price": "167,90 Kč",
    "unit_price": "932.78 Kč/kg",
    "package_amount": "180 g",
    "subcategory_name": "Sýry - Salátové",
    "subcategory_url": "https://www.rohlik.cz/c300124066-mozzarella-ricotta-a-salatove-syry"
  },
  {
    "name": "Granarolo Mozzarella di Bufala Campana D.O.P.",
    "price": "78,90 Kč",
    "unit_price": "631.2 Kč/kg",
    "package_amount": "125 g",
    "subcategory_name": "Sýry - Salátové",
    "subcategory_url": "https://www.rohlik.cz/c300124066-mozzarella-ricotta-a-salatove-syry"
  },
  {
    "name": "Gioiella Sýr scamorza bílý",
    "price": "87,50 Kč",
    "unit_price": "486.11 Kč/kg",
    "package_amount": "180 g",
    "subcategory_name": "Sýry - Salátové",
    "subcategory_url": "https://www.rohlik.cz/c300124066-mozzarella-ricotta-a-salatove-syry"
  },
  {
    "name": "Gioiella Sýr stracciatella",
    "price": "165,40 Kč",
    "unit_price": "661.6 Kč/kg",
    "package_amount": "250 g",
    "subcategory_name": "Sýry - Salátové",
    "subcategory_url": "https://www.rohlik.cz/c300124066-mozzarella-ricotta-a-salatove-syry"
  },
  {
    "name": "Cilento Mozzarella di Bufala Campana CHOP",
    "price": "54,90 Kč",
    "unit_price": "439.2 Kč/kg",
    "package_amount": "125 g",
    "subcategory_name": "Sýry - Salátové",
    "subcategory_url": "https://www.rohlik.cz/c300124066-mozzarella-ricotta-a-salatove-syry"
  },
  {
    "name": "Formagia Gorgonzola D.O.P.",
    "price": "59,92 Kč",
    "unit_price": "599.2 Kč/kg",
    "package_amount": "100 g",
    "subcategory_name": "Sýry - Plísňové",
    "subcategory_url": "https://www.rohlik.cz/c300123507-plisnove-zrajici-parene-a-uzene"
  },
  {
    "name": "Miil Camembert",
    "price": "29,90 Kč",
    "unit_price": "249.17 Kč/kg",
    "package_amount": "120 g",
    "subcategory_name": "Sýry - Plísňové",
    "subcategory_url": "https://www.rohlik.cz/c300123507-plisnove-zrajici-parene-a-uzene"
  },
  {
    "name": "Miil Sýr s modrou plísní",
    "price": "32,90 Kč",
    "unit_price": "286.09 Kč/kg",
    "package_amount": "115 g",
    "subcategory_name": "Sýry - Plísňové",
    "subcategory_url": "https://www.rohlik.cz/c300123507-plisnove-zrajici-parene-a-uzene"
  },
  {
    "name": "Miil Sýrové nitě neuzené",
    "price": "34,90 Kč",
    "unit_price": "349 Kč/kg",
    "package_amount": "100 g",
    "subcategory_name": "Sýry - Plísňové",
    "subcategory_url": "https://www.rohlik.cz/c300123507-plisnove-zrajici-parene-a-uzene"
  },
  {
    "name": "A.W. Olomoucké tvarůžky malé 1%",
    "price": "39,90 Kč",
    "unit_price": "399 Kč/kg",
    "package_amount": "100 g",
    "subcategory_name": "Sýry - Plísňové",
    "subcategory_url": "https://www.rohlik.cz/c300123507-plisnove-zrajici-parene-a-uzene"
  },
  {
    "name": "Král sýrů Hermelín Originál",
    "price": "56,90 Kč",
    "unit_price": "474.17 Kč/kg",
    "package_amount": "120 g",
    "subcategory_name": "Sýry - Plísňové",
    "subcategory_url": "https://www.rohlik.cz/c300123507-plisnove-zrajici-parene-a-uzene"
  },
  {
    "name": "Miil Parenica neuzená",
    "price": "36,90 Kč",
    "unit_price": "335.45 Kč/kg",
    "package_amount": "110 g",
    "subcategory_name": "Sýry - Plísňové",
    "subcategory_url": "https://www.rohlik.cz/c300123507-plisnove-zrajici-parene-a-uzene"
  },
  {
    "name": "Miil Parenica uzená",
    "price": "36,90 Kč",
    "unit_price": "335.45 Kč/kg",
    "package_amount": "110 g",
    "subcategory_name": "Sýry - Plísňové",
    "subcategory_url": "https://www.rohlik.cz/c300123507-plisnove-zrajici-parene-a-uzene"
  },
  {
    "name": "Sedlčanský Hermelín Figura",
    "price": "44,90 Kč",
    "unit_price": "449 Kč/kg",
    "package_amount": "100 g",
    "subcategory_name": "Sýry - Plísňové",
    "subcategory_url": "https://www.rohlik.cz/c300123507-plisnove-zrajici-parene-a-uzene"
  },
  {
    "name": "Madeta Jihočeská niva 45%",
    "price": "37,90 Kč",
    "unit_price": "379 Kč/kg",
    "package_amount": "100 g",
    "subcategory_name": "Sýry - Plísňové",
    "subcategory_url": "https://www.rohlik.cz/c300123507-plisnove-zrajici-parene-a-uzene"
  },
  {
    "name": "Korbáčky přírodní pařené",
    "price": "36,90 Kč",
    "unit_price": "738 Kč/kg",
    "package_amount": "50 g",
    "subcategory_name": "Sýry - Plísňové",
    "subcategory_url": "https://www.rohlik.cz/c300123507-plisnove-zrajici-parene-a-uzene"
  },
  {
    "name": "Sedlčanský Hermelín originál",
    "price": "44,90 Kč",
    "unit_price": "449 Kč/kg",
    "package_amount": "100 g",
    "subcategory_name": "Sýry - Plísňové",
    "subcategory_url": "https://www.rohlik.cz/c300123507-plisnove-zrajici-parene-a-uzene"
  },
  {
    "name": "Président Salakis balkánský sýr jemný",
    "price": "69,90 Kč",
    "unit_price": "279.6 Kč/kg",
    "package_amount": "250 g",
    "subcategory_name": "Sýry - Plísňové",
    "subcategory_url": "https://www.rohlik.cz/c300123507-plisnove-zrajici-parene-a-uzene"
  },
  {
    "name": "Rohlik.cz Sýrové nitě přírodní",
    "price": "69,80 Kč",
    "unit_price": "649.9 Kč/kg",
    "package_amount": "cca 110 g",
    "subcategory_name": "Sýry - Plísňové",
    "subcategory_url": "https://www.rohlik.cz/c300123507-plisnove-zrajici-parene-a-uzene"
  },
  {
    "name": "Madeta Romadur měkký zrající sýr",
    "price": "31,90 Kč",
    "unit_price": "319 Kč/kg",
    "package_amount": "100 g",
    "subcategory_name": "Sýry - Plísňové",
    "subcategory_url": "https://www.rohlik.cz/c300123507-plisnove-zrajici-parene-a-uzene"
  },
  {
    "name": "Lacrum Eidam 30% uzené plátky",
    "price": "24,90 Kč",
    "unit_price": "249 Kč/kg",
    "package_amount": "100 g",
    "subcategory_name": "Sýry - Plísňové",
    "subcategory_url": "https://www.rohlik.cz/c300123507-plisnove-zrajici-parene-a-uzene"
  },
  {
    "name": "Zottarella Proteinové tyčinky 4×21 g",
    "price": "43,90 Kč",
    "unit_price": "522.62 Kč/kg",
    "package_amount": "84 g",
    "subcategory_name": "Sýry - Plísňové",
    "subcategory_url": "https://www.rohlik.cz/c300123507-plisnove-zrajici-parene-a-uzene"
  },
  {
    "name": "Président Camembert krémový",
    "price": "39,90 Kč",
    "unit_price": "380 Kč/kg",
    "package_amount": "105 g",
    "subcategory_name": "Sýry - Plísňové",
    "subcategory_url": "https://www.rohlik.cz/c300123507-plisnove-zrajici-parene-a-uzene"
  },
  {
    "name": "Rohlik.cz Gouda uzená plátky",
    "price": "53,49 Kč",
    "unit_price": "499.91 Kč/kg",
    "package_amount": "cca 110 g",
    "subcategory_name": "Sýry - Plísňové",
    "subcategory_url": "https://www.rohlik.cz/c300123507-plisnove-zrajici-parene-a-uzene"
  },
  {
    "name": "Korbáčky uzené",
    "price": "33,90 Kč",
    "unit_price": "678 Kč/kg",
    "package_amount": "50 g",
    "subcategory_name": "Sýry - Plísňové",
    "subcategory_url": "https://www.rohlik.cz/c300123507-plisnove-zrajici-parene-a-uzene"
  },
  {
    "name": "Madeta Jihočeská niva 30%",
    "price": "37,90 Kč",
    "unit_price": "379 Kč/kg",
    "package_amount": "100 g",
    "subcategory_name": "Sýry - Plísňové",
    "subcategory_url": "https://www.rohlik.cz/c300123507-plisnove-zrajici-parene-a-uzene"
  },
  {
    "name": "Madeta Jihočeský syreček 0,1%",
    "price": "31,90 Kč",
    "unit_price": "354.44 Kč/kg",
    "package_amount": "90 g",
    "subcategory_name": "Sýry - Plísňové",
    "subcategory_url": "https://www.rohlik.cz/c300123507-plisnove-zrajici-parene-a-uzene"
  },
  {
    "name": "Madeta High protein přírodní zrající sýr",
    "price": "39,90 Kč",
    "unit_price": "443.33 Kč/kg",
    "package_amount": "90 g",
    "subcategory_name": "Sýry - Plísňové",
    "subcategory_url": "https://www.rohlik.cz/c300123507-plisnove-zrajici-parene-a-uzene"
  },
  {
    "name": "Madeta Jihočeský eidam uzený 44% plátky",
    "price": "34,90 Kč",
    "unit_price": "349 Kč/kg",
    "package_amount": "100 g",
    "subcategory_name": "Sýry - Plísňové",
    "subcategory_url": "https://www.rohlik.cz/c300123507-plisnove-zrajici-parene-a-uzene"
  },
  {
    "name": "Sedlčanský Hermelín bez laktózy",
    "price": "44,90 Kč",
    "unit_price": "449 Kč/kg",
    "package_amount": "100 g",
    "subcategory_name": "Sýry - Plísňové",
    "subcategory_url": "https://www.rohlik.cz/c300123507-plisnove-zrajici-parene-a-uzene"
  },
  {
    "name": "Liptov Oštiepok plátky uzené",
    "price": "44,90 Kč",
    "unit_price": "498.89 Kč/kg",
    "package_amount": "90 g",
    "subcategory_name": "Sýry - Plísňové",
    "subcategory_url": "https://www.rohlik.cz/c300123507-plisnove-zrajici-parene-a-uzene"
  },
  {
    "name": "Sedlčanský Hermelín smetanový",
    "price": "44,90 Kč",
    "unit_price": "449 Kč/kg",
    "package_amount": "100 g",
    "subcategory_name": "Sýry - Plísňové",
    "subcategory_url": "https://www.rohlik.cz/c300123507-plisnove-zrajici-parene-a-uzene"
  },
  {
    "name": "Président Camembert linea",
    "price": "39,90 Kč",
    "unit_price": "380 Kč/kg",
    "package_amount": "105 g",
    "subcategory_name": "Sýry - Plísňové",
    "subcategory_url": "https://www.rohlik.cz/c300123507-plisnove-zrajici-parene-a-uzene"
  },
  {
    "name": "Liptov Parenica uzená",
    "price": "54,90 Kč",
    "unit_price": "522.86 Kč/kg",
    "package_amount": "105 g",
    "subcategory_name": "Sýry - Plísňové",
    "subcategory_url": "https://www.rohlik.cz/c300123507-plisnove-zrajici-parene-a-uzene"
  },
  {
    "name": "Mliečna Farma Necpaly Turčianské sýrové nitě",
    "price": "68 Kč",
    "unit_price": "453.33 Kč/kg",
    "package_amount": "150 g",
    "subcategory_name": "Sýry - Plísňové",
    "subcategory_url": "https://www.rohlik.cz/c300123507-plisnove-zrajici-parene-a-uzene"
  },
  {
    "name": "Sedlčanský Hermelín na gril s grilovacím kořením, 4 ks",
    "price": "209,90 Kč",
    "unit_price": "524.75 Kč/kg",
    "package_amount": "400 g",
    "subcategory_name": "Sýry - Plísňové",
    "subcategory_url": "https://www.rohlik.cz/c300123507-plisnove-zrajici-parene-a-uzene"
  },
  {
    "name": "Koliba Sýrové kuličky uzené",
    "price": "41,70 Kč",
    "unit_price": "417 Kč/kg",
    "package_amount": "100 g",
    "subcategory_name": "Sýry - Plísňové",
    "subcategory_url": "https://www.rohlik.cz/c300123507-plisnove-zrajici-parene-a-uzene"
  },
  {
    "name": "Président Camembert aromatický",
    "price": "39,90 Kč",
    "unit_price": "380 Kč/kg",
    "package_amount": "105 g",
    "subcategory_name": "Sýry - Plísňové",
    "subcategory_url": "https://www.rohlik.cz/c300123507-plisnove-zrajici-parene-a-uzene"
  },
  {
    "name": "Mliečna Farma Necpaly Turčianské sýrové korbáčky",
    "price": "72,90 Kč",
    "unit_price": "486 Kč/kg",
    "package_amount": "150 g",
    "subcategory_name": "Sýry - Plísňové",
    "subcategory_url": "https://www.rohlik.cz/c300123507-plisnove-zrajici-parene-a-uzene"
  },
  {
    "name": "Frenchi Brie",
    "price": "89,90 Kč",
    "unit_price": "449.5 Kč/kg",
    "package_amount": "200 g",
    "subcategory_name": "Sýry - Plísňové",
    "subcategory_url": "https://www.rohlik.cz/c300123507-plisnove-zrajici-parene-a-uzene"
  },
  {
    "name": "Président Camembert",
    "price": "47,90 Kč",
    "unit_price": "532.22 Kč/kg",
    "package_amount": "90 g",
    "subcategory_name": "Sýry - Plísňové",
    "subcategory_url": "https://www.rohlik.cz/c300123507-plisnove-zrajici-parene-a-uzene"
  },
  {
    "name": "Madeta Jihočeská niva 60%",
    "price": "39,90 Kč",
    "unit_price": "399 Kč/kg",
    "package_amount": "100 g",
    "subcategory_name": "Sýry - Plísňové",
    "subcategory_url": "https://www.rohlik.cz/c300123507-plisnove-zrajici-parene-a-uzene"
  },
  {
    "name": "Rohlik.cz Sýrové nitě uzené",
    "price": "68,56 Kč",
    "unit_price": "649.9 Kč/kg",
    "package_amount": "cca 110 g",
    "subcategory_name": "Sýry - Plísňové",
    "subcategory_url": "https://www.rohlik.cz/c300123507-plisnove-zrajici-parene-a-uzene"
  },
  {
    "name": "Liptov Parenica neuzená",
    "price": "54,90 Kč",
    "unit_price": "503.67 Kč/kg",
    "package_amount": "109 g",
    "subcategory_name": "Sýry - Plísňové",
    "subcategory_url": "https://www.rohlik.cz/c300123507-plisnove-zrajici-parene-a-uzene"
  },
  {
    "name": "Koliba Jadel přírodní",
    "price": "76,90 Kč",
    "unit_price": "384.5 Kč/kg",
    "package_amount": "200 g",
    "subcategory_name": "Sýry - Plísňové",
    "subcategory_url": "https://www.rohlik.cz/c300123507-plisnove-zrajici-parene-a-uzene"
  },
  {
    "name": "Rohlik.cz Sýrové korbáčky přírodní",
    "price": "79,49 Kč",
    "unit_price": "749.9 Kč/kg",
    "package_amount": "cca 110 g",
    "subcategory_name": "Sýry - Plísňové",
    "subcategory_url": "https://www.rohlik.cz/c300123507-plisnove-zrajici-parene-a-uzene"
  },
  {
    "name": "Président Brie ořechový",
    "price": "57,90 Kč",
    "unit_price": "463.2 Kč/kg",
    "package_amount": "125 g",
    "subcategory_name": "Sýry - Plísňové",
    "subcategory_url": "https://www.rohlik.cz/c300123507-plisnove-zrajici-parene-a-uzene"
  },
  {
    "name": "Král Sýrů Hermelín krémový",
    "price": "56,90 Kč",
    "unit_price": "474.17 Kč/kg",
    "package_amount": "120 g",
    "subcategory_name": "Sýry - Plísňové",
    "subcategory_url": "https://www.rohlik.cz/c300123507-plisnove-zrajici-parene-a-uzene"
  },
  {
    "name": "Král sýrů Duopack (2×120 g)",
    "price": "109,90 Kč",
    "unit_price": "457.92 Kč/kg",
    "package_amount": "240 g",
    "subcategory_name": "Sýry - Plísňové",
    "subcategory_url": "https://www.rohlik.cz/c300123507-plisnove-zrajici-parene-a-uzene"
  },
  {
    "name": "Sedlčanský Hermelín Protein",
    "price": "44,90 Kč",
    "unit_price": "449 Kč/kg",
    "package_amount": "100 g",
    "subcategory_name": "Sýry - Plísňové",
    "subcategory_url": "https://www.rohlik.cz/c300123507-plisnove-zrajici-parene-a-uzene"
  },
  {
    "name": "Koliba Jadel s kořením",
    "price": "40,90 Kč",
    "unit_price": "409 Kč/kg",
    "package_amount": "100 g",
    "subcategory_name": "Sýry - Plísňové",
    "subcategory_url": "https://www.rohlik.cz/c300123507-plisnove-zrajici-parene-a-uzene"
  },
  {
    "name": "Le Rustique Brie",
    "price": "114,90 Kč",
    "unit_price": "574.5 Kč/kg",
    "package_amount": "200 g",
    "subcategory_name": "Sýry - Plísňové",
    "subcategory_url": "https://www.rohlik.cz/c300123507-plisnove-zrajici-parene-a-uzene"
  },
  {
    "name": "Dobroty s příběhem Nakládaný hermelín s česnekem",
    "price": "164,90 Kč",
    "unit_price": "670.33 Kč/kg",
    "package_amount": "246 g",
    "subcategory_name": "Sýry - Plísňové",
    "subcategory_url": "https://www.rohlik.cz/c300123507-plisnove-zrajici-parene-a-uzene"
  },
  {
    "name": "Soresina Grana Padano DOP",
    "price": "148,90 Kč",
    "unit_price": "744.5 Kč/kg",
    "package_amount": "200 g",
    "subcategory_name": "Sýry - Plísňové",
    "subcategory_url": "https://www.rohlik.cz/c300123507-plisnove-zrajici-parene-a-uzene"
  },
  {
    "name": "Saint Benoit Camembert",
    "price": "79,90 Kč",
    "unit_price": "332.92 Kč/kg",
    "package_amount": "240 g",
    "subcategory_name": "Sýry - Plísňové",
    "subcategory_url": "https://www.rohlik.cz/c300123507-plisnove-zrajici-parene-a-uzene"
  },
  {
    "name": "Madeta Jihočeská niva Premium",
    "price": "48,90 Kč",
    "unit_price": "489 Kč/kg",
    "package_amount": "100 g",
    "subcategory_name": "Sýry - Plísňové",
    "subcategory_url": "https://www.rohlik.cz/c300123507-plisnove-zrajici-parene-a-uzene"
  },
  {
    "name": "Liptov Pološtiepok na gril a pánev",
    "price": "52,90 Kč",
    "unit_price": "440.83 Kč/kg",
    "package_amount": "120 g",
    "subcategory_name": "Sýry - Plísňové",
    "subcategory_url": "https://www.rohlik.cz/c300123507-plisnove-zrajici-parene-a-uzene"
  },
  {
    "name": "MozzarellArt Scamorza ciliegina uzená",
    "price": "89,50 Kč",
    "unit_price": "447.5 Kč/kg",
    "package_amount": "200 g",
    "subcategory_name": "Sýry - Plísňové",
    "subcategory_url": "https://www.rohlik.cz/c300123507-plisnove-zrajici-parene-a-uzene"
  },
  {
    "name": "Koliba Sýrové kuličky přírodní",
    "price": "44,90 Kč",
    "unit_price": "449 Kč/kg",
    "package_amount": "100 g",
    "subcategory_name": "Sýry - Plísňové",
    "subcategory_url": "https://www.rohlik.cz/c300123507-plisnove-zrajici-parene-a-uzene"
  },
  {
    "name": "Milsy Sýrové nitě neuzené",
    "price": "49,90 Kč",
    "unit_price": "499 Kč/kg",
    "package_amount": "100 g",
    "subcategory_name": "Sýry - Plísňové",
    "subcategory_url": "https://www.rohlik.cz/c300123507-plisnove-zrajici-parene-a-uzene"
  },
  {
    "name": "Sedlčanský Hermelín Protein (2×100 g)",
    "price": "89,90 Kč",
    "unit_price": "449.5 Kč/kg",
    "package_amount": "200 g",
    "subcategory_name": "Sýry - Plísňové",
    "subcategory_url": "https://www.rohlik.cz/c300123507-plisnove-zrajici-parene-a-uzene"
  },
  {
    "name": "Président Brie Natur",
    "price": "57,90 Kč",
    "unit_price": "463.2 Kč/kg",
    "package_amount": "125 g",
    "subcategory_name": "Sýry - Plísňové",
    "subcategory_url": "https://www.rohlik.cz/c300123507-plisnove-zrajici-parene-a-uzene"
  },
  {
    "name": "Laktos Kralevic 45% plátky",
    "price": "33,90 Kč",
    "unit_price": "339 Kč/kg",
    "package_amount": "100 g",
    "subcategory_name": "Sýry - Plísňové",
    "subcategory_url": "https://www.rohlik.cz/c300123507-plisnove-zrajici-parene-a-uzene"
  },
  {
    "name": "Madeta Romadur s chilli",
    "price": "31,90 Kč",
    "unit_price": "319 Kč/kg",
    "package_amount": "100 g",
    "subcategory_name": "Sýry - Plísňové",
    "subcategory_url": "https://www.rohlik.cz/c300123507-plisnove-zrajici-parene-a-uzene"
  },
  {
    "name": "Président Camembert chilli papričky",
    "price": "47,90 Kč",
    "unit_price": "532.22 Kč/kg",
    "package_amount": "90 g",
    "subcategory_name": "Sýry - Plísňové",
    "subcategory_url": "https://www.rohlik.cz/c300123507-plisnove-zrajici-parene-a-uzene"
  },
  {
    "name": "IDS Perail ovčí sýr",
    "price": "56,30 Kč",
    "unit_price": "563 Kč/kg",
    "package_amount": "100 g",
    "subcategory_name": "Sýry - Plísňové",
    "subcategory_url": "https://www.rohlik.cz/c300123507-plisnove-zrajici-parene-a-uzene"
  },
  {
    "name": "Fourme d'Ambert PDO",
    "price": "68,84 Kč",
    "unit_price": "499.9 Kč/kg",
    "package_amount": "cca 140 g",
    "subcategory_name": "Sýry - Plísňové",
    "subcategory_url": "https://www.rohlik.cz/c300123507-plisnove-zrajici-parene-a-uzene"
  },
  {
    "name": "Milsy Sýrové korbáče neuzené",
    "price": "44,90 Kč",
    "unit_price": "561.25 Kč/kg",
    "package_amount": "80 g",
    "subcategory_name": "Sýry - Plísňové",
    "subcategory_url": "https://www.rohlik.cz/c300123507-plisnove-zrajici-parene-a-uzene"
  },
  {
    "name": "Président Camembert zelený pepř",
    "price": "47,90 Kč",
    "unit_price": "532.22 Kč/kg",
    "package_amount": "90 g",
    "subcategory_name": "Sýry - Plísňové",
    "subcategory_url": "https://www.rohlik.cz/c300123507-plisnove-zrajici-parene-a-uzene"
  },
  {
    "name": "Liptov Oštiepok plátky neuzené",
    "price": "44,90 Kč",
    "unit_price": "498.89 Kč/kg",
    "package_amount": "90 g",
    "subcategory_name": "Sýry - Plísňové",
    "subcategory_url": "https://www.rohlik.cz/c300123507-plisnove-zrajici-parene-a-uzene"
  },
  {
    "name": "Král sýrů Hermelín se zeleným pepřem",
    "price": "56,90 Kč",
    "unit_price": "474.17 Kč/kg",
    "package_amount": "120 g",
    "subcategory_name": "Sýry - Plísňové",
    "subcategory_url": "https://www.rohlik.cz/c300123507-plisnove-zrajici-parene-a-uzene"
  },
  {
    "name": "Milsy Sýrové korbáče uzené",
    "price": "44,90 Kč",
    "unit_price": "561.25 Kč/kg",
    "package_amount": "80 g",
    "subcategory_name": "Sýry - Plísňové",
    "subcategory_url": "https://www.rohlik.cz/c300123507-plisnove-zrajici-parene-a-uzene"
  },
  {
    "name": "Sedlčanský Hermelín na gril originál XXL",
    "price": "114,90 Kč",
    "unit_price": "478.75 Kč/kg",
    "package_amount": "240 g",
    "subcategory_name": "Sýry - Plísňové",
    "subcategory_url": "https://www.rohlik.cz/c300123507-plisnove-zrajici-parene-a-uzene"
  },
  {
    "name": "Rohlik.cz Sýrové korbáčky uzené",
    "price": "73,91 Kč",
    "unit_price": "699.9 Kč/kg",
    "package_amount": "cca 110 g",
    "subcategory_name": "Sýry - Plísňové",
    "subcategory_url": "https://www.rohlik.cz/c300123507-plisnove-zrajici-parene-a-uzene"
  },
  {
    "name": "Rohlik.cz Emmental uzený plátky",
    "price": "73,54 Kč",
    "unit_price": "689.9 Kč/kg",
    "package_amount": "cca 110 g",
    "subcategory_name": "Sýry - Plísňové",
    "subcategory_url": "https://www.rohlik.cz/c300123507-plisnove-zrajici-parene-a-uzene"
  },
  {
    "name": "Agrofarma Gazdovská parenica uzená",
    "price": "69,90 Kč",
    "unit_price": "635.45 Kč/kg",
    "package_amount": "110 g",
    "subcategory_name": "Sýry - Plísňové",
    "subcategory_url": "https://www.rohlik.cz/c300123507-plisnove-zrajici-parene-a-uzene"
  },
  {
    "name": "Král Sýrů Hermelín Provensálské bylinky",
    "price": "56,90 Kč",
    "unit_price": "474.17 Kč/kg",
    "package_amount": "120 g",
    "subcategory_name": "Sýry - Plísňové",
    "subcategory_url": "https://www.rohlik.cz/c300123507-plisnove-zrajici-parene-a-uzene"
  },
  {
    "name": "Rohlik.cz Sýrové uzlíky uzené",
    "price": "99,04 Kč",
    "unit_price": "649.9 Kč/kg",
    "package_amount": "cca 150 g",
    "subcategory_name": "Sýry - Plísňové",
    "subcategory_url": "https://www.rohlik.cz/c300123507-plisnove-zrajici-parene-a-uzene"
  },
  {
    "name": "Oioli Sýr Gorgonzola DOP",
    "price": "106,10 Kč",
    "unit_price": "530.5 Kč/kg",
    "package_amount": "200 g",
    "subcategory_name": "Sýry - Plísňové",
    "subcategory_url": "https://www.rohlik.cz/c300123507-plisnove-zrajici-parene-a-uzene"
  },
  {
    "name": "Cantorel Selection AOC",
    "price": "243,30 Kč",
    "unit_price": "811 Kč/kg",
    "package_amount": "300 g",
    "subcategory_name": "Sýry - Plísňové",
    "subcategory_url": "https://www.rohlik.cz/c300123507-plisnove-zrajici-parene-a-uzene"
  },
  {
    "name": "Tami Tatranský rival bez laktózy",
    "price": "37,90 Kč",
    "unit_price": "315.83 Kč/kg",
    "package_amount": "120 g",
    "subcategory_name": "Sýry - Plísňové",
    "subcategory_url": "https://www.rohlik.cz/c300123507-plisnove-zrajici-parene-a-uzene"
  },
  {
    "name": "Germain Langres sýr AOP",
    "price": "145,90 Kč",
    "unit_price": "810.56 Kč/kg",
    "package_amount": "180 g",
    "subcategory_name": "Sýry - Plísňové",
    "subcategory_url": "https://www.rohlik.cz/c300123507-plisnove-zrajici-parene-a-uzene"
  },
  {
    "name": "Germain Chablis sýr",
    "price": "174,90 Kč",
    "unit_price": "874.5 Kč/kg",
    "package_amount": "200 g",
    "subcategory_name": "Sýry - Plísňové",
    "subcategory_url": "https://www.rohlik.cz/c300123507-plisnove-zrajici-parene-a-uzene"
  },
  {
    "name": "Agrofarma Gazdovská parenica přírodní",
    "price": "69,90 Kč",
    "unit_price": "624.11 Kč/kg",
    "package_amount": "112 g",
    "subcategory_name": "Sýry - Plísňové",
    "subcategory_url": "https://www.rohlik.cz/c300123507-plisnove-zrajici-parene-a-uzene"
  },
  {
    "name": "Sedlčanský Hermelín na gril s pikantním kořením, 4 ks",
    "price": "169,90 Kč",
    "unit_price": "424.75 Kč/kg",
    "package_amount": "400 g",
    "subcategory_name": "Sýry - Plísňové",
    "subcategory_url": "https://www.rohlik.cz/c300123507-plisnove-zrajici-parene-a-uzene"
  },
  {
    "name": "Président Le Crémiot",
    "price": "104,90 Kč",
    "unit_price": "524.5 Kč/kg",
    "package_amount": "200 g",
    "subcategory_name": "Sýry - Plísňové",
    "subcategory_url": "https://www.rohlik.cz/c300123507-plisnove-zrajici-parene-a-uzene"
  },
  {
    "name": "IDS Pointe Brie de Meaux CHOP sýr",
    "price": "109,90 Kč",
    "unit_price": "549.5 Kč/kg",
    "package_amount": "200 g",
    "subcategory_name": "Sýry - Plísňové",
    "subcategory_url": "https://www.rohlik.cz/c300123507-plisnove-zrajici-parene-a-uzene"
  },
  {
    "name": "Bresse Bleu Le Véritable dvouplísňový sýr",
    "price": "96,30 Kč",
    "unit_price": "687.86 Kč/kg",
    "package_amount": "140 g",
    "subcategory_name": "Sýry - Plísňové",
    "subcategory_url": "https://www.rohlik.cz/c300123507-plisnove-zrajici-parene-a-uzene"
  },
  {
    "name": "Président Saint Morgon",
    "price": "104,90 Kč",
    "unit_price": "524.5 Kč/kg",
    "package_amount": "200 g",
    "subcategory_name": "Sýry - Plísňové",
    "subcategory_url": "https://www.rohlik.cz/c300123507-plisnove-zrajici-parene-a-uzene"
  },
  {
    "name": "Liptov Pološtiepok uzený",
    "price": "73,90 Kč",
    "unit_price": "410.56 Kč/kg",
    "package_amount": "180 g",
    "subcategory_name": "Sýry - Plísňové",
    "subcategory_url": "https://www.rohlik.cz/c300123507-plisnove-zrajici-parene-a-uzene"
  },
  {
    "name": "Dobroty s příběhem Nakládaný hermelín s cibulí",
    "price": "399,90 Kč",
    "unit_price": "424.3 Kč/kg",
    "package_amount": "0,942 kg",
    "subcategory_name": "Sýry - Plísňové",
    "subcategory_url": "https://www.rohlik.cz/c300123507-plisnove-zrajici-parene-a-uzene"
  },
  {
    "name": "Liptov Hranolčeky na gril, 6 ks",
    "price": "144,90 Kč",
    "unit_price": "690 Kč/kg",
    "package_amount": "210 g",
    "subcategory_name": "Sýry - Plísňové",
    "subcategory_url": "https://www.rohlik.cz/c300123507-plisnove-zrajici-parene-a-uzene"
  },
  {
    "name": "Dobroty s příběhem Nakládaný hermelín s ořechy",
    "price": "164,90 Kč",
    "unit_price": "659.6 Kč/kg",
    "package_amount": "250 g",
    "subcategory_name": "Sýry - Plísňové",
    "subcategory_url": "https://www.rohlik.cz/c300123507-plisnove-zrajici-parene-a-uzene"
  },
  {
    "name": "Kozí brie",
    "price": "136,87 Kč",
    "unit_price": "788.9 Kč/kg",
    "package_amount": "cca 170 g",
    "subcategory_name": "Sýry - Plísňové",
    "subcategory_url": "https://www.rohlik.cz/c300123507-plisnove-zrajici-parene-a-uzene"
  },
  {
    "name": "Président Camembert délicatesse",
    "price": "79,90 Kč",
    "unit_price": "420.53 Kč/kg",
    "package_amount": "190 g",
    "subcategory_name": "Sýry - Plísňové",
    "subcategory_url": "https://www.rohlik.cz/c300123507-plisnove-zrajici-parene-a-uzene"
  },
  {
    "name": "Rohlik.cz BIO Sýr s bílou plísní",
    "price": "79,90 Kč",
    "unit_price": "760.95 Kč/kg",
    "package_amount": "105 g",
    "subcategory_name": "Sýry - Plísňové",
    "subcategory_url": "https://www.rohlik.cz/c300123507-plisnove-zrajici-parene-a-uzene"
  },
  {
    "name": "Président Camembert L´Aromatique",
    "price": "129,90 Kč",
    "unit_price": "519.6 Kč/kg",
    "package_amount": "250 g",
    "subcategory_name": "Sýry - Plísňové",
    "subcategory_url": "https://www.rohlik.cz/c300123507-plisnove-zrajici-parene-a-uzene"
  },
  {
    "name": "IDS Camembert z Normadie CHOP sýr",
    "price": "136,20 Kč",
    "unit_price": "544.8 Kč/kg",
    "package_amount": "250 g",
    "subcategory_name": "Sýry - Plísňové",
    "subcategory_url": "https://www.rohlik.cz/c300123507-plisnove-zrajici-parene-a-uzene"
  },
  {
    "name": "Danish Blue Danablu BGB sýr s modrou plísní",
    "price": "61 Kč",
    "unit_price": "502.9 Kč/kg",
    "package_amount": "cca 120 g",
    "subcategory_name": "Sýry - Plísňové",
    "subcategory_url": "https://www.rohlik.cz/c300123507-plisnove-zrajici-parene-a-uzene"
  },
  {
    "name": "IDS Tomme z Pyrenejí CHZO sýr",
    "price": "107 Kč",
    "unit_price": "535 Kč/kg",
    "package_amount": "200 g",
    "subcategory_name": "Sýry - Plísňové",
    "subcategory_url": "https://www.rohlik.cz/c300123507-plisnove-zrajici-parene-a-uzene"
  },
  {
    "name": "Président Carré gourmet",
    "price": "90,40 Kč",
    "unit_price": "452 Kč/kg",
    "package_amount": "200 g",
    "subcategory_name": "Sýry - Plísňové",
    "subcategory_url": "https://www.rohlik.cz/c300123507-plisnove-zrajici-parene-a-uzene"
  },
  {
    "name": "Sedlčanský Hermelín na gril s pepřem XXL",
    "price": "114,90 Kč",
    "unit_price": "478.75 Kč/kg",
    "package_amount": "240 g",
    "subcategory_name": "Sýry - Plísňové",
    "subcategory_url": "https://www.rohlik.cz/c300123507-plisnove-zrajici-parene-a-uzene"
  },
  {
    "name": "Dobroty s příběhem Nakládaný romadur",
    "price": "164,90 Kč",
    "unit_price": "766.98 Kč/kg",
    "package_amount": "215 g",
    "subcategory_name": "Sýry - Plísňové",
    "subcategory_url": "https://www.rohlik.cz/c300123507-plisnove-zrajici-parene-a-uzene"
  },
  {
    "name": "Germain Triple Creme cheese",
    "price": "145,90 Kč",
    "unit_price": "810.56 Kč/kg",
    "package_amount": "180 g",
    "subcategory_name": "Sýry - Plísňové",
    "subcategory_url": "https://www.rohlik.cz/c300123507-plisnove-zrajici-parene-a-uzene"
  },
  {
    "name": "Liptov Pološtiepok neuzený",
    "price": "74,90 Kč",
    "unit_price": "404.86 Kč/kg",
    "package_amount": "185 g",
    "subcategory_name": "Sýry - Plísňové",
    "subcategory_url": "https://www.rohlik.cz/c300123507-plisnove-zrajici-parene-a-uzene"
  },
  {
    "name": "Entremont Roquefort AOP",
    "price": "94,90 Kč",
    "unit_price": "949 Kč/kg",
    "package_amount": "100 g",
    "subcategory_name": "Sýry - Plísňové",
    "subcategory_url": "https://www.rohlik.cz/c300123507-plisnove-zrajici-parene-a-uzene"
  },
  {
    "name": "Král Sýrů Hermelín lahůdková paprika duopack (2×120 g)",
    "price": "109,90 Kč",
    "unit_price": "457.92 Kč/kg",
    "package_amount": "240 g",
    "subcategory_name": "Sýry - Plísňové",
    "subcategory_url": "https://www.rohlik.cz/c300123507-plisnove-zrajici-parene-a-uzene"
  },
  {
    "name": "Carozzi Dolce Paradiso mascarpone gorgonzola s lanýži",
    "price": "139,90 Kč",
    "unit_price": "932.67 Kč/kg",
    "package_amount": "150 g",
    "subcategory_name": "Sýry - Plísňové",
    "subcategory_url": "https://www.rohlik.cz/c300123507-plisnove-zrajici-parene-a-uzene"
  },
  {
    "name": "Tami Encián bezlaktózový camembert",
    "price": "46,90 Kč",
    "unit_price": "426.36 Kč/kg",
    "package_amount": "110 g",
    "subcategory_name": "Sýry - Plísňové",
    "subcategory_url": "https://www.rohlik.cz/c300123507-plisnove-zrajici-parene-a-uzene"
  },
  {
    "name": "Comté extra vieux AOP",
    "price": "379,78 Kč",
    "unit_price": "1460.7 Kč/kg",
    "package_amount": "cca 260 g",
    "subcategory_name": "Sýry - Plísňové",
    "subcategory_url": "https://www.rohlik.cz/c300123507-plisnove-zrajici-parene-a-uzene"
  },
  {
    "name": "Germain Le Pico kozí sýr",
    "price": "109,90 Kč",
    "unit_price": "879.2 Kč/kg",
    "package_amount": "125 g",
    "subcategory_name": "Sýry - Plísňové",
    "subcategory_url": "https://www.rohlik.cz/c300123507-plisnove-zrajici-parene-a-uzene"
  },
  {
    "name": "Milsy Parenica uzená",
    "price": "79,90 Kč",
    "unit_price": "665.83 Kč/kg",
    "package_amount": "120 g",
    "subcategory_name": "Sýry - Plísňové",
    "subcategory_url": "https://www.rohlik.cz/c300123507-plisnove-zrajici-parene-a-uzene"
  },
  {
    "name": "Bleu d´Auvergne PDO",
    "price": "66,90 Kč",
    "unit_price": "535.2 Kč/kg",
    "package_amount": "125 g",
    "subcategory_name": "Sýry - Plísňové",
    "subcategory_url": "https://www.rohlik.cz/c300123507-plisnove-zrajici-parene-a-uzene"
  },
  {
    "name": "MozzarellArt Scamorza uzená",
    "price": "121,60 Kč",
    "unit_price": "486.4 Kč/kg",
    "package_amount": "250 g",
    "subcategory_name": "Sýry - Plísňové",
    "subcategory_url": "https://www.rohlik.cz/c300123507-plisnove-zrajici-parene-a-uzene"
  },
  {
    "name": "IDS Epoisses CHOP sýr",
    "price": "214,10 Kč",
    "unit_price": "856.4 Kč/kg",
    "package_amount": "250 g",
    "subcategory_name": "Sýry - Plísňové",
    "subcategory_url": "https://www.rohlik.cz/c300123507-plisnove-zrajici-parene-a-uzene"
  },
  {
    "name": "Entremont Fourme d'Ambert PDO",
    "price": "81,90 Kč",
    "unit_price": "546 Kč/kg",
    "package_amount": "150 g",
    "subcategory_name": "Sýry - Plísňové",
    "subcategory_url": "https://www.rohlik.cz/c300123507-plisnove-zrajici-parene-a-uzene"
  },
  {
    "name": "Germain Epoisses sýr AOP",
    "price": "194,40 Kč",
    "unit_price": "777.6 Kč/kg",
    "package_amount": "250 g",
    "subcategory_name": "Sýry - Plísňové",
    "subcategory_url": "https://www.rohlik.cz/c300123507-plisnove-zrajici-parene-a-uzene"
  },
  {
    "name": "Caseificio Longo Sýr na gril Tomino del Boscaiolo se speckem",
    "price": "119,90 Kč",
    "unit_price": "614.87 Kč/kg",
    "package_amount": "195 g",
    "subcategory_name": "Sýry - Plísňové",
    "subcategory_url": "https://www.rohlik.cz/c300123507-plisnove-zrajici-parene-a-uzene"
  },
  {
    "name": "Statek Horní Dvorce Ovčí gouda",
    "price": "101,99 Kč",
    "unit_price": "849.9 Kč/kg",
    "package_amount": "cca 120 g",
    "subcategory_name": "Sýry - Plísňové",
    "subcategory_url": "https://www.rohlik.cz/c300123507-plisnove-zrajici-parene-a-uzene"
  },
  {
    "name": "Caseificio Longo Sýr na gril Tomino del Boscaiolo se slaninou",
    "price": "119,90 Kč",
    "unit_price": "614.87 Kč/kg",
    "package_amount": "195 g",
    "subcategory_name": "Sýry - Plísňové",
    "subcategory_url": "https://www.rohlik.cz/c300123507-plisnove-zrajici-parene-a-uzene"
  },
  {
    "name": "Saint Marcellin sýr",
    "price": "150,80 Kč",
    "unit_price": "1508 Kč/kg",
    "package_amount": "100 g",
    "subcategory_name": "Sýry - Plísňové",
    "subcategory_url": "https://www.rohlik.cz/c300123507-plisnove-zrajici-parene-a-uzene"
  },
  {
    "name": "Brillat Savarin sýr",
    "price": "311,50 Kč",
    "unit_price": "1557.5 Kč/kg",
    "package_amount": "200 g",
    "subcategory_name": "Sýry - Plísňové",
    "subcategory_url": "https://www.rohlik.cz/c300123507-plisnove-zrajici-parene-a-uzene"
  },
  {
    "name": "IDS Neufchatel CHOP sýr",
    "price": "91,40 Kč",
    "unit_price": "457 Kč/kg",
    "package_amount": "200 g",
    "subcategory_name": "Sýry - Plísňové",
    "subcategory_url": "https://www.rohlik.cz/c300123507-plisnove-zrajici-parene-a-uzene"
  },
  {
    "name": "Liptov Pološtiepok na gril s pikantní omáčkou, 4 ks",
    "price": "149,90 Kč",
    "unit_price": "624.58 Kč/kg",
    "package_amount": "240 g",
    "subcategory_name": "Sýry - Plísňové",
    "subcategory_url": "https://www.rohlik.cz/c300123507-plisnove-zrajici-parene-a-uzene"
  },
  {
    "name": "Coburger Brie \"Minus L\" se sníženým obsahem laktózy",
    "price": "109,90 Kč",
    "unit_price": "549.5 Kč/kg",
    "package_amount": "200 g",
    "subcategory_name": "Sýry - Plísňové",
    "subcategory_url": "https://www.rohlik.cz/c300123507-plisnove-zrajici-parene-a-uzene"
  },
  {
    "name": "Agrofarma Polooštiepok uzený",
    "price": "103,90 Kč",
    "unit_price": "415.6 Kč/kg",
    "package_amount": "250 g",
    "subcategory_name": "Sýry - Plísňové",
    "subcategory_url": "https://www.rohlik.cz/c300123507-plisnove-zrajici-parene-a-uzene"
  },
  {
    "name": "Mliečna Farma Necpaly Turčianské sýrové uzlíky Pan sýr",
    "price": "116,70 Kč",
    "unit_price": "507.39 Kč/kg",
    "package_amount": "230 g",
    "subcategory_name": "Sýry - Plísňové",
    "subcategory_url": "https://www.rohlik.cz/c300123507-plisnove-zrajici-parene-a-uzene"
  },
  {
    "name": "Caseificio Longo Sýr na gril Tomino del Boscaiolo se salámem Spianata Calabra",
    "price": "119,90 Kč",
    "unit_price": "614.87 Kč/kg",
    "package_amount": "195 g",
    "subcategory_name": "Sýry - Plísňové",
    "subcategory_url": "https://www.rohlik.cz/c300123507-plisnove-zrajici-parene-a-uzene"
  },
  {
    "name": "Koliba Korbáčik kbelík (15 ks)",
    "price": "259,90 Kč",
    "unit_price": "577.56 Kč/kg",
    "package_amount": "450 g",
    "subcategory_name": "Sýry - Plísňové",
    "subcategory_url": "https://www.rohlik.cz/c300123507-plisnove-zrajici-parene-a-uzene"
  },
  {
    "name": "Milsy Sýrové nitě neuzené",
    "price": "224,90 Kč",
    "unit_price": "449.8 Kč/kg",
    "package_amount": "500 g",
    "subcategory_name": "Sýry - Plísňové",
    "subcategory_url": "https://www.rohlik.cz/c300123507-plisnove-zrajici-parene-a-uzene"
  },
  {
    "name": "Coburger Camembert 30% se sníženým obsahem laktózy",
    "price": "59,90 Kč",
    "unit_price": "479.2 Kč/kg",
    "package_amount": "125 g",
    "subcategory_name": "Sýry - Plísňové",
    "subcategory_url": "https://www.rohlik.cz/c300123507-plisnove-zrajici-parene-a-uzene"
  },
  {
    "name": "Laguiole de L'aubrac",
    "price": "155,80 Kč",
    "unit_price": "779 Kč/kg",
    "package_amount": "cca 200 g",
    "subcategory_name": "Sýry - Plísňové",
    "subcategory_url": "https://www.rohlik.cz/c300123507-plisnove-zrajici-parene-a-uzene"
  },
  {
    "name": "Mliečna Farma Necpaly Turčianské sýrové uzlíky řecké bylinky",
    "price": "116,70 Kč",
    "unit_price": "507.39 Kč/kg",
    "package_amount": "230 g",
    "subcategory_name": "Sýry - Plísňové",
    "subcategory_url": "https://www.rohlik.cz/c300123507-plisnove-zrajici-parene-a-uzene"
  },
  {
    "name": "Camembert AOP",
    "price": "214,10 Kč",
    "unit_price": "856.4 Kč/kg",
    "package_amount": "250 g",
    "subcategory_name": "Sýry - Plísňové",
    "subcategory_url": "https://www.rohlik.cz/c300123507-plisnove-zrajici-parene-a-uzene"
  },
  {
    "name": "Caseificio Longo Sýr na gril Tomino del Boscaiolo s Guanciale",
    "price": "119,90 Kč",
    "unit_price": "614.87 Kč/kg",
    "package_amount": "195 g",
    "subcategory_name": "Sýry - Plísňové",
    "subcategory_url": "https://www.rohlik.cz/c300123507-plisnove-zrajici-parene-a-uzene"
  },
  {
    "name": "Neufchatel sýr",
    "price": "204,40 Kč",
    "unit_price": "1022 Kč/kg",
    "package_amount": "200 g",
    "subcategory_name": "Sýry - Plísňové",
    "subcategory_url": "https://www.rohlik.cz/c300123507-plisnove-zrajici-parene-a-uzene"
  },
  {
    "name": "Pont l'Eveque AOP",
    "price": "350,50 Kč",
    "unit_price": "876.25 Kč/kg",
    "package_amount": "400 g",
    "subcategory_name": "Sýry - Plísňové",
    "subcategory_url": "https://www.rohlik.cz/c300123507-plisnove-zrajici-parene-a-uzene"
  },
  {
    "name": "Karsdofer Käse Saský tvarůžek",
    "price": "54,90 Kč",
    "unit_price": "439.2 Kč/kg",
    "package_amount": "125 g",
    "subcategory_name": "Sýry - Plísňové",
    "subcategory_url": "https://www.rohlik.cz/c300123507-plisnove-zrajici-parene-a-uzene"
  },
  {
    "name": "Sedlčanský Hermelín na gril s brusinkovou omáčkou, 4 ks",
    "price": "169,90 Kč",
    "unit_price": "424.75 Kč/kg",
    "package_amount": "400 g",
    "subcategory_name": "Sýry - Plísňové",
    "subcategory_url": "https://www.rohlik.cz/c300123507-plisnove-zrajici-parene-a-uzene"
  },
  {
    "name": "IDS Gruyère CHZO francouzský sýr",
    "price": "136,20 Kč",
    "unit_price": "544.8 Kč/kg",
    "package_amount": "250 g",
    "subcategory_name": "Sýry - Plísňové",
    "subcategory_url": "https://www.rohlik.cz/c300123507-plisnove-zrajici-parene-a-uzene"
  },
  {
    "name": "Carozzi Sýr Taleggio DOP",
    "price": "134,90 Kč",
    "unit_price": "586.52 Kč/kg",
    "package_amount": "230 g",
    "subcategory_name": "Sýry - Plísňové",
    "subcategory_url": "https://www.rohlik.cz/c300123507-plisnove-zrajici-parene-a-uzene"
  },
  {
    "name": "IDS Bleu d'Auvergne CHOP sýr",
    "price": "59,30 Kč",
    "unit_price": "474.4 Kč/kg",
    "package_amount": "125 g",
    "subcategory_name": "Sýry - Plísňové",
    "subcategory_url": "https://www.rohlik.cz/c300123507-plisnove-zrajici-parene-a-uzene"
  },
  {
    "name": "Král Sýrů Hermelín zelený pepř duopack (2×120 g)",
    "price": "109,90 Kč",
    "unit_price": "457.92 Kč/kg",
    "package_amount": "240 g",
    "subcategory_name": "Sýry - Plísňové",
    "subcategory_url": "https://www.rohlik.cz/c300123507-plisnove-zrajici-parene-a-uzene"
  },
  {
    "name": "Milsy Parenica neuzená",
    "price": "79,90 Kč",
    "unit_price": "665.83 Kč/kg",
    "package_amount": "120 g",
    "subcategory_name": "Sýry - Plísňové",
    "subcategory_url": "https://www.rohlik.cz/c300123507-plisnove-zrajici-parene-a-uzene"
  },
  {
    "name": "IDS Roquefort CHOP sýr porce",
    "price": "116,70 Kč",
    "unit_price": "778 Kč/kg",
    "package_amount": "150 g",
    "subcategory_name": "Sýry - Plísňové",
    "subcategory_url": "https://www.rohlik.cz/c300123507-plisnove-zrajici-parene-a-uzene"
  },
  {
    "name": "IDS Beaufort 6 měsíců zrání CHOP sýr",
    "price": "194,60 Kč",
    "unit_price": "973 Kč/kg",
    "package_amount": "200 g",
    "subcategory_name": "Sýry - Plísňové",
    "subcategory_url": "https://www.rohlik.cz/c300123507-plisnove-zrajici-parene-a-uzene"
  },
  {
    "name": "IDS Abondance CHOP sýr",
    "price": "136,20 Kč",
    "unit_price": "681 Kč/kg",
    "package_amount": "200 g",
    "subcategory_name": "Sýry - Plísňové",
    "subcategory_url": "https://www.rohlik.cz/c300123507-plisnove-zrajici-parene-a-uzene"
  },
  {
    "name": "Milsy Syrové nitě neuzené",
    "price": "124,90 Kč",
    "unit_price": "499.6 Kč/kg",
    "package_amount": "250 g",
    "subcategory_name": "Sýry - Plísňové",
    "subcategory_url": "https://www.rohlik.cz/c300123507-plisnove-zrajici-parene-a-uzene"
  },
  {
    "name": "IDS Reblochon ze Savojska CHOP sýr",
    "price": "292 Kč",
    "unit_price": "648.89 Kč/kg",
    "package_amount": "450 g",
    "subcategory_name": "Sýry - Plísňové",
    "subcategory_url": "https://www.rohlik.cz/c300123507-plisnove-zrajici-parene-a-uzene"
  },
  {
    "name": "IDS Cantal z Entre-Deux CHOP sýr",
    "price": "136,20 Kč",
    "unit_price": "544.8 Kč/kg",
    "package_amount": "250 g",
    "subcategory_name": "Sýry - Plísňové",
    "subcategory_url": "https://www.rohlik.cz/c300123507-plisnove-zrajici-parene-a-uzene"
  },
  {
    "name": "Milsy Sýrové nitě uzené",
    "price": "49,90 Kč",
    "unit_price": "499 Kč/kg",
    "package_amount": "100 g",
    "subcategory_name": "Sýry - Plísňové",
    "subcategory_url": "https://www.rohlik.cz/c300123507-plisnove-zrajici-parene-a-uzene"
  },
  {
    "name": "Dodoni Halloumi",
    "price": "109,90 Kč",
    "unit_price": "488.44 Kč/kg",
    "package_amount": "225 g",
    "subcategory_name": "Sýry - Na gril a Fondue",
    "subcategory_url": "https://www.rohlik.cz/c300124070-na-gril-fondue-a-raclette"
  },
  {
    "name": "Krajánek Sýr na pánev i na gril  s nivou (2×50 g)",
    "price": "44,90 Kč",
    "unit_price": "449 Kč/kg",
    "package_amount": "100 g",
    "subcategory_name": "Sýry - Na gril a Fondue",
    "subcategory_url": "https://www.rohlik.cz/c300124070-na-gril-fondue-a-raclette"
  },
  {
    "name": "Madeta Sýr na pánev klasik, 2ks",
    "price": "32,90 Kč",
    "unit_price": "329 Kč/kg",
    "package_amount": "100 g",
    "subcategory_name": "Sýry - Na gril a Fondue",
    "subcategory_url": "https://www.rohlik.cz/c300124070-na-gril-fondue-a-raclette"
  },
  {
    "name": "Krajánek Sýr na pánev i na gril  s tvarůžky (2×50 g)",
    "price": "44,90 Kč",
    "unit_price": "449 Kč/kg",
    "package_amount": "100 g",
    "subcategory_name": "Sýry - Na gril a Fondue",
    "subcategory_url": "https://www.rohlik.cz/c300124070-na-gril-fondue-a-raclette"
  },
  {
    "name": "Axios Halloumi bloček",
    "price": "94,90 Kč",
    "unit_price": "474.5 Kč/kg",
    "package_amount": "200 g",
    "subcategory_name": "Sýry - Na gril a Fondue",
    "subcategory_url": "https://www.rohlik.cz/c300124070-na-gril-fondue-a-raclette"
  },
  {
    "name": "Laktos Allami sýr na grilování",
    "price": "84,90 Kč",
    "unit_price": "424.5 Kč/kg",
    "package_amount": "200 g",
    "subcategory_name": "Sýry - Na gril a Fondue",
    "subcategory_url": "https://www.rohlik.cz/c300124070-na-gril-fondue-a-raclette"
  },
  {
    "name": "Sedlčanský Hermelín na gril s grilovacím kořením, 4 ks",
    "price": "209,90 Kč",
    "unit_price": "524.75 Kč/kg",
    "package_amount": "400 g",
    "subcategory_name": "Sýry - Na gril a Fondue",
    "subcategory_url": "https://www.rohlik.cz/c300124070-na-gril-fondue-a-raclette"
  },
  {
    "name": "Grikios Grilovací sýr",
    "price": "79,90 Kč",
    "unit_price": "399.5 Kč/kg",
    "package_amount": "200 g",
    "subcategory_name": "Sýry - Na gril a Fondue",
    "subcategory_url": "https://www.rohlik.cz/c300124070-na-gril-fondue-a-raclette"
  },
  {
    "name": "Madeta Sýr na pánev bylinky, 2ks",
    "price": "32,90 Kč",
    "unit_price": "329 Kč/kg",
    "package_amount": "100 g",
    "subcategory_name": "Sýry - Na gril a Fondue",
    "subcategory_url": "https://www.rohlik.cz/c300124070-na-gril-fondue-a-raclette"
  },
  {
    "name": "Street food Grilovací sýry camembert, romadur a brusinková omáčka",
    "price": "139,90 Kč",
    "unit_price": "451.29 Kč/kg",
    "package_amount": "310 g",
    "subcategory_name": "Sýry - Na gril a Fondue",
    "subcategory_url": "https://www.rohlik.cz/c300124070-na-gril-fondue-a-raclette"
  },
  {
    "name": "Grikios Halloumi CHOP",
    "price": "99,90 Kč",
    "unit_price": "555 Kč/kg",
    "package_amount": "180 g",
    "subcategory_name": "Sýry - Na gril a Fondue",
    "subcategory_url": "https://www.rohlik.cz/c300124070-na-gril-fondue-a-raclette"
  },
  {
    "name": "Sedlčanský Hermelín Protein",
    "price": "44,90 Kč",
    "unit_price": "449 Kč/kg",
    "package_amount": "100 g",
    "subcategory_name": "Sýry - Na gril a Fondue",
    "subcategory_url": "https://www.rohlik.cz/c300124070-na-gril-fondue-a-raclette"
  },
  {
    "name": "Krajánek Sýr na pánev i na gril natur (2×50 g)",
    "price": "44,90 Kč",
    "unit_price": "449 Kč/kg",
    "package_amount": "100 g",
    "subcategory_name": "Sýry - Na gril a Fondue",
    "subcategory_url": "https://www.rohlik.cz/c300124070-na-gril-fondue-a-raclette"
  },
  {
    "name": "Zorba Plnotučný poloměkký sýr na gril",
    "price": "99,90 Kč",
    "unit_price": "499.5 Kč/kg",
    "package_amount": "200 g",
    "subcategory_name": "Sýry - Na gril a Fondue",
    "subcategory_url": "https://www.rohlik.cz/c300124070-na-gril-fondue-a-raclette"
  },
  {
    "name": "Koliba Oštěpek uzený na gril",
    "price": "169,90 Kč",
    "unit_price": "471.94 Kč/kg",
    "package_amount": "360 g",
    "subcategory_name": "Sýry - Na gril a Fondue",
    "subcategory_url": "https://www.rohlik.cz/c300124070-na-gril-fondue-a-raclette"
  },
  {
    "name": "Liptov Pološtiepok na gril a pánev",
    "price": "52,90 Kč",
    "unit_price": "440.83 Kč/kg",
    "package_amount": "120 g",
    "subcategory_name": "Sýry - Na gril a Fondue",
    "subcategory_url": "https://www.rohlik.cz/c300124070-na-gril-fondue-a-raclette"
  },
  {
    "name": "Rohlik.cz Sýr Holemi",
    "price": "84 Kč",
    "unit_price": "560 Kč/kg",
    "package_amount": "cca 150 g",
    "subcategory_name": "Sýry - Na gril a Fondue",
    "subcategory_url": "https://www.rohlik.cz/c300124070-na-gril-fondue-a-raclette"
  },
  {
    "name": "Madeta Sýr na pánev se šunkou, 2 ks",
    "price": "32,90 Kč",
    "unit_price": "329 Kč/kg",
    "package_amount": "100 g",
    "subcategory_name": "Sýry - Na gril a Fondue",
    "subcategory_url": "https://www.rohlik.cz/c300124070-na-gril-fondue-a-raclette"
  },
  {
    "name": "Sedlčanský Hermelín Protein (2×100 g)",
    "price": "89,90 Kč",
    "unit_price": "449.5 Kč/kg",
    "package_amount": "200 g",
    "subcategory_name": "Sýry - Na gril a Fondue",
    "subcategory_url": "https://www.rohlik.cz/c300124070-na-gril-fondue-a-raclette"
  },
  {
    "name": "Moravia Panýr sýr na gril",
    "price": "85,90 Kč",
    "unit_price": "429.5 Kč/kg",
    "package_amount": "200 g",
    "subcategory_name": "Sýry - Na gril a Fondue",
    "subcategory_url": "https://www.rohlik.cz/c300124070-na-gril-fondue-a-raclette"
  },
  {
    "name": "Sedlčanský Hermelín na gril originál XXL",
    "price": "114,90 Kč",
    "unit_price": "478.75 Kč/kg",
    "package_amount": "240 g",
    "subcategory_name": "Sýry - Na gril a Fondue",
    "subcategory_url": "https://www.rohlik.cz/c300124070-na-gril-fondue-a-raclette"
  },
  {
    "name": "Président Cheddar Nugetky, 6×25 g",
    "price": "79,90 Kč",
    "unit_price": "532.67 Kč/kg",
    "package_amount": "150 g",
    "subcategory_name": "Sýry - Na gril a Fondue",
    "subcategory_url": "https://www.rohlik.cz/c300124070-na-gril-fondue-a-raclette"
  },
  {
    "name": "Farma Struhy BIO Struhoumi sýr na gril bílý",
    "price": "112,90 Kč",
    "unit_price": "752.67 Kč/kg",
    "package_amount": "150 g",
    "subcategory_name": "Sýry - Na gril a Fondue",
    "subcategory_url": "https://www.rohlik.cz/c300124070-na-gril-fondue-a-raclette"
  },
  {
    "name": "Liptov Pološtiepok na gril s brusinkovou omáčkou, 4 ks",
    "price": "144,90 Kč",
    "unit_price": "603.75 Kč/kg",
    "package_amount": "240 g",
    "subcategory_name": "Sýry - Na gril a Fondue",
    "subcategory_url": "https://www.rohlik.cz/c300124070-na-gril-fondue-a-raclette"
  },
  {
    "name": "Smetanito Sýr na pánev a gril",
    "price": "104,90 Kč",
    "unit_price": "524.5 Kč/kg",
    "package_amount": "200 g",
    "subcategory_name": "Sýry - Na gril a Fondue",
    "subcategory_url": "https://www.rohlik.cz/c300124070-na-gril-fondue-a-raclette"
  },
  {
    "name": "Sedlčanský Hermelín na gril s pikantním kořením, 4 ks",
    "price": "169,90 Kč",
    "unit_price": "424.75 Kč/kg",
    "package_amount": "400 g",
    "subcategory_name": "Sýry - Na gril a Fondue",
    "subcategory_url": "https://www.rohlik.cz/c300124070-na-gril-fondue-a-raclette"
  },
  {
    "name": "Smetanito Sýr na pánev a gril gyros",
    "price": "104,90 Kč",
    "unit_price": "524.5 Kč/kg",
    "package_amount": "200 g",
    "subcategory_name": "Sýry - Na gril a Fondue",
    "subcategory_url": "https://www.rohlik.cz/c300124070-na-gril-fondue-a-raclette"
  },
  {
    "name": "Smetanito Sýr na pánev a gril bylinky",
    "price": "104,90 Kč",
    "unit_price": "524.5 Kč/kg",
    "package_amount": "200 g",
    "subcategory_name": "Sýry - Na gril a Fondue",
    "subcategory_url": "https://www.rohlik.cz/c300124070-na-gril-fondue-a-raclette"
  },
  {
    "name": "Lakmilk Grill for me tradiční sýr na grilování",
    "price": "69,90 Kč",
    "unit_price": "349.5 Kč/kg",
    "package_amount": "200 g",
    "subcategory_name": "Sýry - Na gril a Fondue",
    "subcategory_url": "https://www.rohlik.cz/c300124070-na-gril-fondue-a-raclette"
  },
  {
    "name": "Entremont Raclette plátky",
    "price": "239,90 Kč",
    "unit_price": "599.75 Kč/kg",
    "package_amount": "400 g",
    "subcategory_name": "Sýry - Na gril a Fondue",
    "subcategory_url": "https://www.rohlik.cz/c300124070-na-gril-fondue-a-raclette"
  },
  {
    "name": "Farma Struhy BIO Sýr na gril kořeněný",
    "price": "112,90 Kč",
    "unit_price": "752.67 Kč/kg",
    "package_amount": "150 g",
    "subcategory_name": "Sýry - Na gril a Fondue",
    "subcategory_url": "https://www.rohlik.cz/c300124070-na-gril-fondue-a-raclette"
  },
  {
    "name": "Liptov Hranolčeky na gril, 6 ks",
    "price": "144,90 Kč",
    "unit_price": "690 Kč/kg",
    "package_amount": "210 g",
    "subcategory_name": "Sýry - Na gril a Fondue",
    "subcategory_url": "https://www.rohlik.cz/c300124070-na-gril-fondue-a-raclette"
  },
  {
    "name": "Grikios Grilovací polotvrdý sýr burger",
    "price": "47,60 Kč",
    "unit_price": "476 Kč/kg",
    "package_amount": "100 g",
    "subcategory_name": "Sýry - Na gril a Fondue",
    "subcategory_url": "https://www.rohlik.cz/c300124070-na-gril-fondue-a-raclette"
  },
  {
    "name": "Sedlčanský Hermelín na gril s pepřem XXL",
    "price": "114,90 Kč",
    "unit_price": "478.75 Kč/kg",
    "package_amount": "240 g",
    "subcategory_name": "Sýry - Na gril a Fondue",
    "subcategory_url": "https://www.rohlik.cz/c300124070-na-gril-fondue-a-raclette"
  },
  {
    "name": "Rohlik.cz Raclette výkroj",
    "price": "93,90 Kč",
    "unit_price": "782.5 Kč/kg",
    "package_amount": "120 g",
    "subcategory_name": "Sýry - Na gril a Fondue",
    "subcategory_url": "https://www.rohlik.cz/c300124070-na-gril-fondue-a-raclette"
  },
  {
    "name": "Rougette Krémový sýr na gril (2×90 g)",
    "price": "74,90 Kč",
    "unit_price": "416.11 Kč/kg",
    "package_amount": "180 g",
    "subcategory_name": "Sýry - Na gril a Fondue",
    "subcategory_url": "https://www.rohlik.cz/c300124070-na-gril-fondue-a-raclette"
  },
  {
    "name": "Smetanito Sýr na pánev a gril jemně pikantní",
    "price": "104,90 Kč",
    "unit_price": "524.5 Kč/kg",
    "package_amount": "200 g",
    "subcategory_name": "Sýry - Na gril a Fondue",
    "subcategory_url": "https://www.rohlik.cz/c300124070-na-gril-fondue-a-raclette"
  },
  {
    "name": "Kourellas BIO Manouri sýr",
    "price": "109,90 Kč",
    "unit_price": "732.67 Kč/kg",
    "package_amount": "150 g",
    "subcategory_name": "Sýry - Na gril a Fondue",
    "subcategory_url": "https://www.rohlik.cz/c300124070-na-gril-fondue-a-raclette"
  },
  {
    "name": "Zorba Greek Style rozpékací sýr s příchutí gyros (2×100 g)",
    "price": "89,90 Kč",
    "unit_price": "449.5 Kč/kg",
    "package_amount": "200 g",
    "subcategory_name": "Sýry - Na gril a Fondue",
    "subcategory_url": "https://www.rohlik.cz/c300124070-na-gril-fondue-a-raclette"
  },
  {
    "name": "Moravia Panýr sýr na gril s marinádou",
    "price": "94,90 Kč",
    "unit_price": "412.61 Kč/kg",
    "package_amount": "230 g",
    "subcategory_name": "Sýry - Na gril a Fondue",
    "subcategory_url": "https://www.rohlik.cz/c300124070-na-gril-fondue-a-raclette"
  },
  {
    "name": "RichesMonts Foundue na savojský způsob",
    "price": "79,90 Kč",
    "unit_price": "532.67 Kč/kg",
    "package_amount": "150 g",
    "subcategory_name": "Sýry - Na gril a Fondue",
    "subcategory_url": "https://www.rohlik.cz/c300124070-na-gril-fondue-a-raclette"
  },
  {
    "name": "Caseificio Longo Sýr na gril Tomino del Boscaiolo se speckem",
    "price": "119,90 Kč",
    "unit_price": "614.87 Kč/kg",
    "package_amount": "195 g",
    "subcategory_name": "Sýry - Na gril a Fondue",
    "subcategory_url": "https://www.rohlik.cz/c300124070-na-gril-fondue-a-raclette"
  },
  {
    "name": "Moravia Panýr sýr na gril s kořením",
    "price": "86,90 Kč",
    "unit_price": "434.5 Kč/kg",
    "package_amount": "200 g",
    "subcategory_name": "Sýry - Na gril a Fondue",
    "subcategory_url": "https://www.rohlik.cz/c300124070-na-gril-fondue-a-raclette"
  },
  {
    "name": "Sedlčanský Hermelín do burgeru, 2 ks",
    "price": "77,90 Kč",
    "unit_price": "486.88 Kč/kg",
    "package_amount": "160 g",
    "subcategory_name": "Sýry - Na gril a Fondue",
    "subcategory_url": "https://www.rohlik.cz/c300124070-na-gril-fondue-a-raclette"
  },
  {
    "name": "Le Superbe 1862 Swiss Fondue",
    "price": "259,90 Kč",
    "unit_price": "649.75 Kč/kg",
    "package_amount": "400 g",
    "subcategory_name": "Sýry - Na gril a Fondue",
    "subcategory_url": "https://www.rohlik.cz/c300124070-na-gril-fondue-a-raclette"
  },
  {
    "name": "Caseificio Longo Sýr na gril Tomino del Boscaiolo se slaninou",
    "price": "119,90 Kč",
    "unit_price": "614.87 Kč/kg",
    "package_amount": "195 g",
    "subcategory_name": "Sýry - Na gril a Fondue",
    "subcategory_url": "https://www.rohlik.cz/c300124070-na-gril-fondue-a-raclette"
  },
  {
    "name": "Liptov Pološtiepok na gril s pikantní omáčkou, 4 ks",
    "price": "149,90 Kč",
    "unit_price": "624.58 Kč/kg",
    "package_amount": "240 g",
    "subcategory_name": "Sýry - Na gril a Fondue",
    "subcategory_url": "https://www.rohlik.cz/c300124070-na-gril-fondue-a-raclette"
  },
  {
    "name": "Caseificio Longo Sýr na gril Tomino del Boscaiolo se salámem Spianata Calabra",
    "price": "119,90 Kč",
    "unit_price": "614.87 Kč/kg",
    "package_amount": "195 g",
    "subcategory_name": "Sýry - Na gril a Fondue",
    "subcategory_url": "https://www.rohlik.cz/c300124070-na-gril-fondue-a-raclette"
  },
  {
    "name": "Smetanito Sýr na pánev a gril ve tvaru burgeru",
    "price": "109,90 Kč",
    "unit_price": "549.5 Kč/kg",
    "package_amount": "200 g",
    "subcategory_name": "Sýry - Na gril a Fondue",
    "subcategory_url": "https://www.rohlik.cz/c300124070-na-gril-fondue-a-raclette"
  },
  {
    "name": "Caseificio Longo Sýr na gril Tomino del Boscaiolo s Guanciale",
    "price": "119,90 Kč",
    "unit_price": "614.87 Kč/kg",
    "package_amount": "195 g",
    "subcategory_name": "Sýry - Na gril a Fondue",
    "subcategory_url": "https://www.rohlik.cz/c300124070-na-gril-fondue-a-raclette"
  },
  {
    "name": "Rohlik.cz Sýrový box Raclette",
    "price": "499 Kč",
    "unit_price": "907.27 Kč/kg",
    "package_amount": "0,55 kg",
    "subcategory_name": "Sýry - Na gril a Fondue",
    "subcategory_url": "https://www.rohlik.cz/c300124070-na-gril-fondue-a-raclette"
  },
  {
    "name": "Rohlik.cz Sýrový box Fondue",
    "price": "499 Kč",
    "unit_price": "907.27 Kč/kg",
    "package_amount": "0,55 kg",
    "subcategory_name": "Sýry - Na gril a Fondue",
    "subcategory_url": "https://www.rohlik.cz/c300124070-na-gril-fondue-a-raclette"
  },
  {
    "name": "Koliba Oštěpky na gril (4×60 g) s brusinkovou omáčkou",
    "price": "119,90 Kč",
    "unit_price": "413.45 Kč/kg",
    "package_amount": "290 g",
    "subcategory_name": "Sýry - Na gril a Fondue",
    "subcategory_url": "https://www.rohlik.cz/c300124070-na-gril-fondue-a-raclette"
  },
  {
    "name": "Sedlčanský Hermelín na gril s brusinkovou omáčkou, 4 ks",
    "price": "169,90 Kč",
    "unit_price": "424.75 Kč/kg",
    "package_amount": "400 g",
    "subcategory_name": "Sýry - Na gril a Fondue",
    "subcategory_url": "https://www.rohlik.cz/c300124070-na-gril-fondue-a-raclette"
  },
  {
    "name": "Miil BIO Feta sýr P.D.O.",
    "price": "89,90 Kč",
    "unit_price": "499.44 Kč/kg",
    "package_amount": "180 g",
    "subcategory_name": "Sýry - Zahraniční",
    "subcategory_url": "https://www.rohlik.cz/c300114329-zahranicni"
  },
  {
    "name": "Miil Sýrové nitě neuzené",
    "price": "34,90 Kč",
    "unit_price": "349 Kč/kg",
    "package_amount": "100 g",
    "subcategory_name": "Sýry - Zahraniční",
    "subcategory_url": "https://www.rohlik.cz/c300114329-zahranicni"
  },
  {
    "name": "Miil Feta sýr P.D.O.",
    "price": "69,90 Kč",
    "unit_price": "349.5 Kč/kg",
    "package_amount": "200 g",
    "subcategory_name": "Sýry - Zahraniční",
    "subcategory_url": "https://www.rohlik.cz/c300114329-zahranicni"
  },
  {
    "name": "Miil Ricotta",
    "price": "31,90 Kč",
    "unit_price": "127.6 Kč/kg",
    "package_amount": "250 g",
    "subcategory_name": "Sýry - Zahraniční",
    "subcategory_url": "https://www.rohlik.cz/c300114329-zahranicni"
  },
  {
    "name": "Miil Parmigiano Reggiano DOP 24 měsíců zrání",
    "price": "154,90 Kč",
    "unit_price": "774.5 Kč/kg",
    "package_amount": "200 g",
    "subcategory_name": "Sýry - Zahraniční",
    "subcategory_url": "https://www.rohlik.cz/c300114329-zahranicni"
  },
  {
    "name": "Leerdammer Original sýr plátky",
    "price": "51,90 Kč",
    "unit_price": "519 Kč/kg",
    "package_amount": "100 g",
    "subcategory_name": "Sýry - Zahraniční",
    "subcategory_url": "https://www.rohlik.cz/c300114329-zahranicni"
  },
  {
    "name": "Miil Grana Padano DOP strouhaný",
    "price": "72,90 Kč",
    "unit_price": "486 Kč/kg",
    "package_amount": "150 g",
    "subcategory_name": "Sýry - Zahraniční",
    "subcategory_url": "https://www.rohlik.cz/c300114329-zahranicni"
  },
  {
    "name": "Miil Parenica neuzená",
    "price": "36,90 Kč",
    "unit_price": "335.45 Kč/kg",
    "package_amount": "110 g",
    "subcategory_name": "Sýry - Zahraniční",
    "subcategory_url": "https://www.rohlik.cz/c300114329-zahranicni"
  },
  {
    "name": "Rohlik.cz Gouda holandská 48+",
    "price": "64,90 Kč",
    "unit_price": "613.4 Kč/kg",
    "package_amount": "cca 110 g",
    "subcategory_name": "Sýry - Zahraniční",
    "subcategory_url": "https://www.rohlik.cz/c300114329-zahranicni"
  },
  {
    "name": "Leerdammer Proteinový sýr plátky",
    "price": "49,90 Kč",
    "unit_price": "623.75 Kč/kg",
    "package_amount": "80 g",
    "subcategory_name": "Sýry - Zahraniční",
    "subcategory_url": "https://www.rohlik.cz/c300114329-zahranicni"
  },
  {
    "name": "Parmareggio Parmigiano Reggiano Grattuigato parmezán strouhaný",
    "price": "61,90 Kč",
    "unit_price": "1031.67 Kč/kg",
    "package_amount": "60 g",
    "subcategory_name": "Sýry - Zahraniční",
    "subcategory_url": "https://www.rohlik.cz/c300114329-zahranicni"
  },
  {
    "name": "Miil Parenica uzená",
    "price": "36,90 Kč",
    "unit_price": "335.45 Kč/kg",
    "package_amount": "110 g",
    "subcategory_name": "Sýry - Zahraniční",
    "subcategory_url": "https://www.rohlik.cz/c300114329-zahranicni"
  },
  {
    "name": "Zanetti Grana Padano PDO strouhaný",
    "price": "38,90 Kč",
    "unit_price": "778 Kč/kg",
    "package_amount": "50 g",
    "subcategory_name": "Sýry - Zahraniční",
    "subcategory_url": "https://www.rohlik.cz/c300114329-zahranicni"
  },
  {
    "name": "Miil Grana Padano DOP 16 měsíců zrání",
    "price": "119,90 Kč",
    "unit_price": "599.5 Kč/kg",
    "package_amount": "200 g",
    "subcategory_name": "Sýry - Zahraniční",
    "subcategory_url": "https://www.rohlik.cz/c300114329-zahranicni"
  },
  {
    "name": "Rohlik.cz Mozzarella 40+",
    "price": "41,91 Kč",
    "unit_price": "399.9 Kč/kg",
    "package_amount": "cca 100 g",
    "subcategory_name": "Sýry - Zahraniční",
    "subcategory_url": "https://www.rohlik.cz/c300114329-zahranicni"
  },
  {
    "name": "Philadelphia Original Smetanový sýr",
    "price": "41,90 Kč",
    "unit_price": "335.2 Kč/kg",
    "package_amount": "125 g",
    "subcategory_name": "Sýry - Zahraniční",
    "subcategory_url": "https://www.rohlik.cz/c300114329-zahranicni"
  },
  {
    "name": "Liptov Bryndza letní kostka",
    "price": "52,90 Kč",
    "unit_price": "480.91 Kč/kg",
    "package_amount": "110 g",
    "subcategory_name": "Sýry - Zahraniční",
    "subcategory_url": "https://www.rohlik.cz/c300114329-zahranicni"
  },
  {
    "name": "Grikios Sýr feta",
    "price": "54,90 Kč",
    "unit_price": "549 Kč/kg",
    "package_amount": "100 g",
    "subcategory_name": "Sýry - Zahraniční",
    "subcategory_url": "https://www.rohlik.cz/c300114329-zahranicni"
  },
  {
    "name": "Rohlik.cz Sýrové nitě přírodní",
    "price": "69,80 Kč",
    "unit_price": "649.9 Kč/kg",
    "package_amount": "cca 110 g",
    "subcategory_name": "Sýry - Zahraniční",
    "subcategory_url": "https://www.rohlik.cz/c300114329-zahranicni"
  },
  {
    "name": "Président Cheddar sýr toast plátky",
    "price": "74,90 Kč",
    "unit_price": "374.5 Kč/kg",
    "package_amount": "200 g",
    "subcategory_name": "Sýry - Zahraniční",
    "subcategory_url": "https://www.rohlik.cz/c300114329-zahranicni"
  },
  {
    "name": "Leerdammer Lightlife sýr plátky",
    "price": "51,90 Kč",
    "unit_price": "519 Kč/kg",
    "package_amount": "100 g",
    "subcategory_name": "Sýry - Zahraniční",
    "subcategory_url": "https://www.rohlik.cz/c300114329-zahranicni"
  },
  {
    "name": "Leerdammer Original plátky",
    "price": "89,90 Kč",
    "unit_price": "561.88 Kč/kg",
    "package_amount": "160 g",
    "subcategory_name": "Sýry - Zahraniční",
    "subcategory_url": "https://www.rohlik.cz/c300114329-zahranicni"
  },
  {
    "name": "Sterilgarda Mascarpone",
    "price": "121,60 Kč",
    "unit_price": "243.2 Kč/kg",
    "package_amount": "500 g",
    "subcategory_name": "Sýry - Zahraniční",
    "subcategory_url": "https://www.rohlik.cz/c300114329-zahranicni"
  },
  {
    "name": "Leerdammer Original Finesse sýr plátky",
    "price": "51,90 Kč",
    "unit_price": "648.75 Kč/kg",
    "package_amount": "80 g",
    "subcategory_name": "Sýry - Zahraniční",
    "subcategory_url": "https://www.rohlik.cz/c300114329-zahranicni"
  },
  {
    "name": "Bettine Kozí čerstvý sýr natur",
    "price": "62,20 Kč",
    "unit_price": "497.6 Kč/kg",
    "package_amount": "125 g",
    "subcategory_name": "Sýry - Zahraniční",
    "subcategory_url": "https://www.rohlik.cz/c300114329-zahranicni"
  },
  {
    "name": "Parmareggio Parmigiano Reggiano parmezán 12 měsíců",
    "price": "151,90 Kč",
    "unit_price": "1012.67 Kč/kg",
    "package_amount": "150 g",
    "subcategory_name": "Sýry - Zahraniční",
    "subcategory_url": "https://www.rohlik.cz/c300114329-zahranicni"
  },
  {
    "name": "Parmareggio BIO Parmigiano Reggiano DOP parmezán strouhaný",
    "price": "59,90 Kč",
    "unit_price": "1198 Kč/kg",
    "package_amount": "50 g",
    "subcategory_name": "Sýry - Zahraniční",
    "subcategory_url": "https://www.rohlik.cz/c300114329-zahranicni"
  },
  {
    "name": "Président Rondelé s vlašskými ořechy",
    "price": "51,90 Kč",
    "unit_price": "519 Kč/kg",
    "package_amount": "100 g",
    "subcategory_name": "Sýry - Zahraniční",
    "subcategory_url": "https://www.rohlik.cz/c300114329-zahranicni"
  },
  {
    "name": "Liptov Oštiepok plátky uzené",
    "price": "44,90 Kč",
    "unit_price": "498.89 Kč/kg",
    "package_amount": "90 g",
    "subcategory_name": "Sýry - Zahraniční",
    "subcategory_url": "https://www.rohlik.cz/c300114329-zahranicni"
  },
  {
    "name": "Philadelphia Light Smetanový sýr",
    "price": "39,90 Kč",
    "unit_price": "319.2 Kč/kg",
    "package_amount": "125 g",
    "subcategory_name": "Sýry - Zahraniční",
    "subcategory_url": "https://www.rohlik.cz/c300114329-zahranicni"
  },
  {
    "name": "Leerdammer Original sýr bloček",
    "price": "89,90 Kč",
    "unit_price": "528.82 Kč/kg",
    "package_amount": "170 g",
    "subcategory_name": "Sýry - Zahraniční",
    "subcategory_url": "https://www.rohlik.cz/c300114329-zahranicni"
  },
  {
    "name": "Liptov Parenica uzená",
    "price": "54,90 Kč",
    "unit_price": "522.86 Kč/kg",
    "package_amount": "105 g",
    "subcategory_name": "Sýry - Zahraniční",
    "subcategory_url": "https://www.rohlik.cz/c300114329-zahranicni"
  },
  {
    "name": "Président 12Petits Chevres Doux kozí sýr",
    "price": "99,90 Kč",
    "unit_price": "499.5 Kč/kg",
    "package_amount": "200 g",
    "subcategory_name": "Sýry - Zahraniční",
    "subcategory_url": "https://www.rohlik.cz/c300114329-zahranicni"
  },
  {
    "name": "Mliečna Farma Necpaly Turčianské sýrové nitě",
    "price": "68 Kč",
    "unit_price": "453.33 Kč/kg",
    "package_amount": "150 g",
    "subcategory_name": "Sýry - Zahraniční",
    "subcategory_url": "https://www.rohlik.cz/c300114329-zahranicni"
  },
  {
    "name": "Rohlik.cz Provolone",
    "price": "68,75 Kč",
    "unit_price": "619.9 Kč/kg",
    "package_amount": "cca 110 g",
    "subcategory_name": "Sýry - Zahraniční",
    "subcategory_url": "https://www.rohlik.cz/c300114329-zahranicni"
  },
  {
    "name": "Galbani Mozzarella Lactose free",
    "price": "38,90 Kč",
    "unit_price": "389 Kč/kg",
    "package_amount": "100 g",
    "subcategory_name": "Sýry - Zahraniční",
    "subcategory_url": "https://www.rohlik.cz/c300114329-zahranicni"
  },
  {
    "name": "Dodoni Feta sýr",
    "price": "114,90 Kč",
    "unit_price": "766 Kč/kg",
    "package_amount": "150 g",
    "subcategory_name": "Sýry - Zahraniční",
    "subcategory_url": "https://www.rohlik.cz/c300114329-zahranicni"
  },
  {
    "name": "Heinrichsthaler Tilsiter 45% plátky",
    "price": "66,10 Kč",
    "unit_price": "440.67 Kč/kg",
    "package_amount": "150 g",
    "subcategory_name": "Sýry - Zahraniční",
    "subcategory_url": "https://www.rohlik.cz/c300114329-zahranicni"
  },
  {
    "name": "Gouda s lanýži",
    "price": "118,94 Kč",
    "unit_price": "905.9 Kč/kg",
    "package_amount": "cca 130 g",
    "subcategory_name": "Sýry - Zahraniční",
    "subcategory_url": "https://www.rohlik.cz/c300114329-zahranicni"
  },
  {
    "name": "Leerdammer Caractere Finesse sýr plátky",
    "price": "51,90 Kč",
    "unit_price": "648.75 Kč/kg",
    "package_amount": "80 g",
    "subcategory_name": "Sýry - Zahraniční",
    "subcategory_url": "https://www.rohlik.cz/c300114329-zahranicni"
  },
  {
    "name": "Frenchi Brie",
    "price": "89,90 Kč",
    "unit_price": "449.5 Kč/kg",
    "package_amount": "200 g",
    "subcategory_name": "Sýry - Zahraniční",
    "subcategory_url": "https://www.rohlik.cz/c300114329-zahranicni"
  },
  {
    "name": "Dublin Dairy Irish cheddar red bloček",
    "price": "104,90 Kč",
    "unit_price": "524.5 Kč/kg",
    "package_amount": "200 g",
    "subcategory_name": "Sýry - Zahraniční",
    "subcategory_url": "https://www.rohlik.cz/c300114329-zahranicni"
  },
  {
    "name": "Président Rondelé Sel de Camargue",
    "price": "51,90 Kč",
    "unit_price": "519 Kč/kg",
    "package_amount": "100 g",
    "subcategory_name": "Sýry - Zahraniční",
    "subcategory_url": "https://www.rohlik.cz/c300114329-zahranicni"
  },
  {
    "name": "Old Amsterdam kostky",
    "price": "124,90 Kč",
    "unit_price": "832.67 Kč/kg",
    "package_amount": "150 g",
    "subcategory_name": "Sýry - Zahraniční",
    "subcategory_url": "https://www.rohlik.cz/c300114329-zahranicni"
  },
  {
    "name": "Galbani Ricotta",
    "price": "46,90 Kč",
    "unit_price": "187.6 Kč/kg",
    "package_amount": "250 g",
    "subcategory_name": "Sýry - Zahraniční",
    "subcategory_url": "https://www.rohlik.cz/c300114329-zahranicni"
  },
  {
    "name": "Président Rondelé Au Bleu d'Aveyron",
    "price": "51,90 Kč",
    "unit_price": "519 Kč/kg",
    "package_amount": "100 g",
    "subcategory_name": "Sýry - Zahraniční",
    "subcategory_url": "https://www.rohlik.cz/c300114329-zahranicni"
  },
  {
    "name": "Parmareggio L'ABC Snack Parmazán, tyčinky a ovocný nápoj",
    "price": "34,90 Kč",
    "unit_price": "222.29 Kč/kg",
    "package_amount": "157 g",
    "subcategory_name": "Sýry - Zahraniční",
    "subcategory_url": "https://www.rohlik.cz/c300114329-zahranicni"
  },
  {
    "name": "Zanetti Grana Padano PDO hobliny",
    "price": "74,90 Kč",
    "unit_price": "749 Kč/kg",
    "package_amount": "100 g",
    "subcategory_name": "Sýry - Zahraniční",
    "subcategory_url": "https://www.rohlik.cz/c300114329-zahranicni"
  },
  {
    "name": "Rohlik.cz Mladý kozí sýr výkroj",
    "price": "114,90 Kč",
    "unit_price": "957.5 Kč/kg",
    "package_amount": "120 g",
    "subcategory_name": "Sýry - Zahraniční",
    "subcategory_url": "https://www.rohlik.cz/c300114329-zahranicni"
  },
  {
    "name": "Philadelphia Smetanový sýr s bylinkami",
    "price": "41,90 Kč",
    "unit_price": "335.2 Kč/kg",
    "package_amount": "125 g",
    "subcategory_name": "Sýry - Zahraniční",
    "subcategory_url": "https://www.rohlik.cz/c300114329-zahranicni"
  },
  {
    "name": "Rohlik.cz Sýrové nitě uzené",
    "price": "68,56 Kč",
    "unit_price": "649.9 Kč/kg",
    "package_amount": "cca 110 g",
    "subcategory_name": "Sýry - Zahraniční",
    "subcategory_url": "https://www.rohlik.cz/c300114329-zahranicni"
  },
  {
    "name": "Président La Buche fondante kozí sýr",
    "price": "99,90 Kč",
    "unit_price": "555 Kč/kg",
    "package_amount": "180 g",
    "subcategory_name": "Sýry - Zahraniční",
    "subcategory_url": "https://www.rohlik.cz/c300114329-zahranicni"
  },
  {
    "name": "Liptov Parenica neuzená",
    "price": "54,90 Kč",
    "unit_price": "503.67 Kč/kg",
    "package_amount": "109 g",
    "subcategory_name": "Sýry - Zahraniční",
    "subcategory_url": "https://www.rohlik.cz/c300114329-zahranicni"
  },
  {
    "name": "Rohlik.cz Sýrové korbáčky přírodní",
    "price": "79,49 Kč",
    "unit_price": "749.9 Kč/kg",
    "package_amount": "cca 110 g",
    "subcategory_name": "Sýry - Zahraniční",
    "subcategory_url": "https://www.rohlik.cz/c300114329-zahranicni"
  },
  {
    "name": "Van Breukelen Kaas Ovčí sýr mladý 8 týdnů výkroj",
    "price": "84,71 Kč",
    "unit_price": "564.7 Kč/kg",
    "package_amount": "cca 150 g",
    "subcategory_name": "Sýry - Zahraniční",
    "subcategory_url": "https://www.rohlik.cz/c300114329-zahranicni"
  },
  {
    "name": "Rohlik.cz Gouda s chilli výkroj",
    "price": "82,60 Kč",
    "unit_price": "688.33 Kč/kg",
    "package_amount": "120 g",
    "subcategory_name": "Sýry - Zahraniční",
    "subcategory_url": "https://www.rohlik.cz/c300114329-zahranicni"
  },
  {
    "name": "Rohlik.cz Gouda uleželá 14 týdnů výkroj",
    "price": "87,50 Kč",
    "unit_price": "729.17 Kč/kg",
    "package_amount": "120 g",
    "subcategory_name": "Sýry - Zahraniční",
    "subcategory_url": "https://www.rohlik.cz/c300114329-zahranicni"
  },
  {
    "name": "Maldera Burratina s lanýžem",
    "price": "69,90 Kč",
    "unit_price": "559.2 Kč/kg",
    "package_amount": "125 g",
    "subcategory_name": "Sýry - Zahraniční",
    "subcategory_url": "https://www.rohlik.cz/c300114329-zahranicni"
  },
  {
    "name": "Rohlik.cz Gouda s bylinkami výkroj",
    "price": "82,60 Kč",
    "unit_price": "688.33 Kč/kg",
    "package_amount": "120 g",
    "subcategory_name": "Sýry - Zahraniční",
    "subcategory_url": "https://www.rohlik.cz/c300114329-zahranicni"
  },
  {
    "name": "Parmareggio Tavený sýr s Parmigiano Reggiano",
    "price": "59,90 Kč",
    "unit_price": "427.86 Kč/kg",
    "package_amount": "140 g",
    "subcategory_name": "Sýry - Zahraniční",
    "subcategory_url": "https://www.rohlik.cz/c300114329-zahranicni"
  },
  {
    "name": "Galbani Mascarpone",
    "price": "74,90 Kč",
    "unit_price": "299.6 Kč/kg",
    "package_amount": "250 g",
    "subcategory_name": "Sýry - Zahraniční",
    "subcategory_url": "https://www.rohlik.cz/c300114329-zahranicni"
  },
  {
    "name": "Feta P.D.O.",
    "price": "107 Kč",
    "unit_price": "535 Kč/kg",
    "package_amount": "200 g",
    "subcategory_name": "Sýry - Zahraniční",
    "subcategory_url": "https://www.rohlik.cz/c300114329-zahranicni"
  },
  {
    "name": "QuattroColli Pecorino Romano Q.C.",
    "price": "186,90 Kč",
    "unit_price": "934.5 Kč/kg",
    "package_amount": "200 g",
    "subcategory_name": "Sýry - Zahraniční",
    "subcategory_url": "https://www.rohlik.cz/c300114329-zahranicni"
  },
  {
    "name": "Granarolo High protein ricotta",
    "price": "54,40 Kč",
    "unit_price": "217.6 Kč/kg",
    "package_amount": "250 g",
    "subcategory_name": "Sýry - Zahraniční",
    "subcategory_url": "https://www.rohlik.cz/c300114329-zahranicni"
  },
  {
    "name": "Singletons Sýr čedar s černým pepřem plátky",
    "price": "129,90 Kč",
    "unit_price": "866 Kč/kg",
    "package_amount": "150 g",
    "subcategory_name": "Sýry - Zahraniční",
    "subcategory_url": "https://www.rohlik.cz/c300114329-zahranicni"
  },
  {
    "name": "Dublin Dairy Irish cheddar white bloček",
    "price": "104,90 Kč",
    "unit_price": "524.5 Kč/kg",
    "package_amount": "200 g",
    "subcategory_name": "Sýry - Zahraniční",
    "subcategory_url": "https://www.rohlik.cz/c300114329-zahranicni"
  },
  {
    "name": "Fresh Pack Kozí sýr s bílou plísní",
    "price": "100,79 Kč",
    "unit_price": "689.9 Kč/kg",
    "package_amount": "cca 150 g",
    "subcategory_name": "Sýry - Zahraniční",
    "subcategory_url": "https://www.rohlik.cz/c300114329-zahranicni"
  },
  {
    "name": "Heinrichsthaler Gouda 48% plátky",
    "price": "74,90 Kč",
    "unit_price": "499.33 Kč/kg",
    "package_amount": "150 g",
    "subcategory_name": "Sýry - Zahraniční",
    "subcategory_url": "https://www.rohlik.cz/c300114329-zahranicni"
  },
  {
    "name": "Dublin Dairy Irish cheddar red plátky",
    "price": "88,90 Kč",
    "unit_price": "592.67 Kč/kg",
    "package_amount": "150 g",
    "subcategory_name": "Sýry - Zahraniční",
    "subcategory_url": "https://www.rohlik.cz/c300114329-zahranicni"
  },
  {
    "name": "Soresina Grana Padano DOP",
    "price": "148,90 Kč",
    "unit_price": "744.5 Kč/kg",
    "package_amount": "200 g",
    "subcategory_name": "Sýry - Zahraniční",
    "subcategory_url": "https://www.rohlik.cz/c300114329-zahranicni"
  },
  {
    "name": "Le Rustique Brie",
    "price": "114,90 Kč",
    "unit_price": "574.5 Kč/kg",
    "package_amount": "200 g",
    "subcategory_name": "Sýry - Zahraniční",
    "subcategory_url": "https://www.rohlik.cz/c300114329-zahranicni"
  },
  {
    "name": "Alnatura BIO Mozzarella",
    "price": "54,90 Kč",
    "unit_price": "439.2 Kč/kg",
    "package_amount": "125 g",
    "subcategory_name": "Sýry - Zahraniční",
    "subcategory_url": "https://www.rohlik.cz/c300114329-zahranicni"
  },
  {
    "name": "Saint Benoit Camembert",
    "price": "79,90 Kč",
    "unit_price": "332.92 Kč/kg",
    "package_amount": "240 g",
    "subcategory_name": "Sýry - Zahraniční",
    "subcategory_url": "https://www.rohlik.cz/c300114329-zahranicni"
  },
  {
    "name": "Frico Gouda Holland sýr 48% I.G.P. výkroj",
    "price": "136,20 Kč",
    "unit_price": "513.96 Kč/kg",
    "package_amount": "265 g",
    "subcategory_name": "Sýry - Zahraniční",
    "subcategory_url": "https://www.rohlik.cz/c300114329-zahranicni"
  },
  {
    "name": "Koliba Oštěpek uzený na gril",
    "price": "169,90 Kč",
    "unit_price": "471.94 Kč/kg",
    "package_amount": "360 g",
    "subcategory_name": "Sýry - Zahraniční",
    "subcategory_url": "https://www.rohlik.cz/c300114329-zahranicni"
  },
  {
    "name": "Rohlik.cz Gorgonzola spoonable PDO",
    "price": "89,80 Kč",
    "unit_price": "699.9 Kč/kg",
    "package_amount": "cca 130 g",
    "subcategory_name": "Sýry - Zahraniční",
    "subcategory_url": "https://www.rohlik.cz/c300114329-zahranicni"
  },
  {
    "name": "Président Tavené plátky Emmental",
    "price": "74,90 Kč",
    "unit_price": "374.5 Kč/kg",
    "package_amount": "200 g",
    "subcategory_name": "Sýry - Zahraniční",
    "subcategory_url": "https://www.rohlik.cz/c300114329-zahranicni"
  },
  {
    "name": "Liptov Pološtiepok na gril a pánev",
    "price": "52,90 Kč",
    "unit_price": "440.83 Kč/kg",
    "package_amount": "120 g",
    "subcategory_name": "Sýry - Zahraniční",
    "subcategory_url": "https://www.rohlik.cz/c300114329-zahranicni"
  },
  {
    "name": "Milsy Sýrové nitě neuzené",
    "price": "49,90 Kč",
    "unit_price": "499 Kč/kg",
    "package_amount": "100 g",
    "subcategory_name": "Sýry - Zahraniční",
    "subcategory_url": "https://www.rohlik.cz/c300114329-zahranicni"
  },
  {
    "name": "Heinrichsthaler Emmental 45% plátky",
    "price": "62,90 Kč",
    "unit_price": "503.2 Kč/kg",
    "package_amount": "125 g",
    "subcategory_name": "Sýry - Zahraniční",
    "subcategory_url": "https://www.rohlik.cz/c300114329-zahranicni"
  },
  {
    "name": "Alnatura BIO Čerstvý smetanový sýr",
    "price": "59,90 Kč",
    "unit_price": "342.29 Kč/kg",
    "package_amount": "175 g",
    "subcategory_name": "Sýry - Zahraniční",
    "subcategory_url": "https://www.rohlik.cz/c300114329-zahranicni"
  },
  {
    "name": "Parmareggio Parmigiano Reggiano parmezán 24 měsíců",
    "price": "179,90 Kč",
    "unit_price": "1199.33 Kč/kg",
    "package_amount": "150 g",
    "subcategory_name": "Sýry - Zahraniční",
    "subcategory_url": "https://www.rohlik.cz/c300114329-zahranicni"
  },
  {
    "name": "Rohlik.cz Kozí sýr s koriandrem a pískavicí výkroj",
    "price": "119,90 Kč",
    "unit_price": "999.17 Kč/kg",
    "package_amount": "120 g",
    "subcategory_name": "Sýry - Zahraniční",
    "subcategory_url": "https://www.rohlik.cz/c300114329-zahranicni"
  },
  {
    "name": "Parmareggio Parmigiano Reggiano toast plátky",
    "price": "68,90 Kč",
    "unit_price": "459.33 Kč/kg",
    "package_amount": "150 g",
    "subcategory_name": "Sýry - Zahraniční",
    "subcategory_url": "https://www.rohlik.cz/c300114329-zahranicni"
  },
  {
    "name": "IDS Perail ovčí sýr",
    "price": "56,30 Kč",
    "unit_price": "563 Kč/kg",
    "package_amount": "100 g",
    "subcategory_name": "Sýry - Zahraniční",
    "subcategory_url": "https://www.rohlik.cz/c300114329-zahranicni"
  },
  {
    "name": "Fourme d'Ambert PDO",
    "price": "68,84 Kč",
    "unit_price": "499.9 Kč/kg",
    "package_amount": "cca 140 g",
    "subcategory_name": "Sýry - Zahraniční",
    "subcategory_url": "https://www.rohlik.cz/c300114329-zahranicni"
  },
  {
    "name": "Milsy Sýrové korbáče neuzené",
    "price": "44,90 Kč",
    "unit_price": "561.25 Kč/kg",
    "package_amount": "80 g",
    "subcategory_name": "Sýry - Zahraniční",
    "subcategory_url": "https://www.rohlik.cz/c300114329-zahranicni"
  },
  {
    "name": "Kozí sýr extra zralý výkroj",
    "price": "115,68 Kč",
    "unit_price": "856.9 Kč/kg",
    "package_amount": "cca 140 g",
    "subcategory_name": "Sýry - Zahraniční",
    "subcategory_url": "https://www.rohlik.cz/c300114329-zahranicni"
  },
  {
    "name": "Alnatura BIO Parmigiano Reggiano 24 měsíců zrání",
    "price": "114,90 Kč",
    "unit_price": "919.2 Kč/kg",
    "package_amount": "125 g",
    "subcategory_name": "Sýry - Zahraniční",
    "subcategory_url": "https://www.rohlik.cz/c300114329-zahranicni"
  },
  {
    "name": "Feta P.D.O.",
    "price": "214,10 Kč",
    "unit_price": "535.25 Kč/kg",
    "package_amount": "400 g",
    "subcategory_name": "Sýry - Zahraniční",
    "subcategory_url": "https://www.rohlik.cz/c300114329-zahranicni"
  },
  {
    "name": "Philadelphia Smetanový sýr proteinový",
    "price": "61,90 Kč",
    "unit_price": "353.71 Kč/kg",
    "package_amount": "175 g",
    "subcategory_name": "Sýry - Zahraniční",
    "subcategory_url": "https://www.rohlik.cz/c300114329-zahranicni"
  },
  {
    "name": "Bettine Kozí čerstvý sýr s medem",
    "price": "62,20 Kč",
    "unit_price": "497.6 Kč/kg",
    "package_amount": "125 g",
    "subcategory_name": "Sýry - Zahraniční",
    "subcategory_url": "https://www.rohlik.cz/c300114329-zahranicni"
  },
  {
    "name": "Parmissimo Sýr parmazán Parmigiano Reggiano CHOP",
    "price": "74,90 Kč",
    "unit_price": "832.22 Kč/kg",
    "package_amount": "90 g",
    "subcategory_name": "Sýry - Zahraniční",
    "subcategory_url": "https://www.rohlik.cz/c300114329-zahranicni"
  },
  {
    "name": "Caseamo Farmářská Gouda s lanýži freshpack",
    "price": "153,38 Kč",
    "unit_price": "1022.5 Kč/kg",
    "package_amount": "cca 150 g",
    "subcategory_name": "Sýry - Zahraniční",
    "subcategory_url": "https://www.rohlik.cz/c300114329-zahranicni"
  },
  {
    "name": "Liptov Oštiepok plátky neuzené",
    "price": "44,90 Kč",
    "unit_price": "498.89 Kč/kg",
    "package_amount": "90 g",
    "subcategory_name": "Sýry - Zahraniční",
    "subcategory_url": "https://www.rohlik.cz/c300114329-zahranicni"
  },
  {
    "name": "Entremont Gruyere de France IGP",
    "price": "155,90 Kč",
    "unit_price": "779.5 Kč/kg",
    "package_amount": "200 g",
    "subcategory_name": "Sýry - Zahraniční",
    "subcategory_url": "https://www.rohlik.cz/c300114329-zahranicni"
  },
  {
    "name": "Rohlik.cz Provolone uzené",
    "price": "66,14 Kč",
    "unit_price": "619.9 Kč/kg",
    "package_amount": "cca 110 g",
    "subcategory_name": "Sýry - Zahraniční",
    "subcategory_url": "https://www.rohlik.cz/c300114329-zahranicni"
  },
  {
    "name": "Milsy Sýrové korbáče uzené",
    "price": "44,90 Kč",
    "unit_price": "561.25 Kč/kg",
    "package_amount": "80 g",
    "subcategory_name": "Sýry - Zahraniční",
    "subcategory_url": "https://www.rohlik.cz/c300114329-zahranicni"
  },
  {
    "name": "Agrofarma Ovčí hrudka (čtvrtka)",
    "price": "100,19 Kč",
    "unit_price": "535.5 Kč/kg",
    "package_amount": "cca 190 g",
    "subcategory_name": "Sýry - Zahraniční",
    "subcategory_url": "https://www.rohlik.cz/c300114329-zahranicni"
  },
  {
    "name": "Milsy Lacti-No Parenica neuzená bez laktózy",
    "price": "58,90 Kč",
    "unit_price": "535.45 Kč/kg",
    "package_amount": "110 g",
    "subcategory_name": "Sýry - Zahraniční",
    "subcategory_url": "https://www.rohlik.cz/c300114329-zahranicni"
  },
  {
    "name": "Cathedral City Cheddar Mature bloček",
    "price": "119,60 Kč",
    "unit_price": "598 Kč/kg",
    "package_amount": "200 g",
    "subcategory_name": "Sýry - Zahraniční",
    "subcategory_url": "https://www.rohlik.cz/c300114329-zahranicni"
  },
  {
    "name": "Rohlik.cz Le Gruyere AOP výkroj",
    "price": "220,83 Kč",
    "unit_price": "1299 Kč/kg",
    "package_amount": "cca 170 g",
    "subcategory_name": "Sýry - Zahraniční",
    "subcategory_url": "https://www.rohlik.cz/c300114329-zahranicni"
  },
  {
    "name": "Cathedral City Cheddar Extra Mature bloček",
    "price": "130,90 Kč",
    "unit_price": "654.5 Kč/kg",
    "package_amount": "200 g",
    "subcategory_name": "Sýry - Zahraniční",
    "subcategory_url": "https://www.rohlik.cz/c300114329-zahranicni"
  },
  {
    "name": "Rohlik.cz Sýrové korbáčky uzené",
    "price": "73,91 Kč",
    "unit_price": "699.9 Kč/kg",
    "package_amount": "cca 110 g",
    "subcategory_name": "Sýry - Zahraniční",
    "subcategory_url": "https://www.rohlik.cz/c300114329-zahranicni"
  },
  {
    "name": "Rohlik.cz Maasdam výkroj",
    "price": "81,16 Kč",
    "unit_price": "449.89 Kč/kg",
    "package_amount": "cca 180 g",
    "subcategory_name": "Sýry - Zahraniční",
    "subcategory_url": "https://www.rohlik.cz/c300114329-zahranicni"
  },
  {
    "name": "Old Amsterdam Cream tavený sýr",
    "price": "82,90 Kč",
    "unit_price": "663.2 Kč/kg",
    "package_amount": "125 g",
    "subcategory_name": "Sýry - Zahraniční",
    "subcategory_url": "https://www.rohlik.cz/c300114329-zahranicni"
  },
  {
    "name": "Lye Cross Farm BIO Mild cheddar",
    "price": "145,90 Kč",
    "unit_price": "595.51 Kč/kg",
    "package_amount": "245 g",
    "subcategory_name": "Sýry - Zahraniční",
    "subcategory_url": "https://www.rohlik.cz/c300114329-zahranicni"
  },
  {
    "name": "Entremont Comte AOP",
    "price": "155,90 Kč",
    "unit_price": "779.5 Kč/kg",
    "package_amount": "200 g",
    "subcategory_name": "Sýry - Zahraniční",
    "subcategory_url": "https://www.rohlik.cz/c300114329-zahranicni"
  },
  {
    "name": "Agrofarma Gazdovská parenica uzená",
    "price": "69,90 Kč",
    "unit_price": "635.45 Kč/kg",
    "package_amount": "110 g",
    "subcategory_name": "Sýry - Zahraniční",
    "subcategory_url": "https://www.rohlik.cz/c300114329-zahranicni"
  },
  {
    "name": "Rohlik.cz Red Cheddar výkroj",
    "price": "80,17 Kč",
    "unit_price": "519.9 Kč/kg",
    "package_amount": "cca 150 g",
    "subcategory_name": "Sýry - Zahraniční",
    "subcategory_url": "https://www.rohlik.cz/c300114329-zahranicni"
  },
  {
    "name": "Rohlik.cz Sýrové uzlíky uzené",
    "price": "99,04 Kč",
    "unit_price": "649.9 Kč/kg",
    "package_amount": "cca 150 g",
    "subcategory_name": "Sýry - Zahraniční",
    "subcategory_url": "https://www.rohlik.cz/c300114329-zahranicni"
  },
  {
    "name": "Formaggeria Toscana Kořeněný ovčí sýr s pistáciemi",
    "price": "78,54 Kč",
    "unit_price": "1122 Kč/kg",
    "package_amount": "70 g",
    "subcategory_name": "Sýry - Zahraniční",
    "subcategory_url": "https://www.rohlik.cz/c300114329-zahranicni"
  },
  {
    "name": "Oioli Sýr Gorgonzola DOP",
    "price": "106,10 Kč",
    "unit_price": "530.5 Kč/kg",
    "package_amount": "200 g",
    "subcategory_name": "Sýry - Zahraniční",
    "subcategory_url": "https://www.rohlik.cz/c300114329-zahranicni"
  },
  {
    "name": "Président 6Petits Chévres kozí sýr",
    "price": "84,90 Kč",
    "unit_price": "849 Kč/kg",
    "package_amount": "100 g",
    "subcategory_name": "Sýry - Zahraniční",
    "subcategory_url": "https://www.rohlik.cz/c300114329-zahranicni"
  },
  {
    "name": "Goat Farm Kozí sýr",
    "price": "89,90 Kč",
    "unit_price": "691.54 Kč/kg",
    "package_amount": "130 g",
    "subcategory_name": "Sýry - Zahraniční",
    "subcategory_url": "https://www.rohlik.cz/c300114329-zahranicni"
  },
  {
    "name": "Leerdammer Original srdce",
    "price": "179,90 Kč",
    "unit_price": "408.86 Kč/kg",
    "package_amount": "440 g",
    "subcategory_name": "Sýry - Zahraniční",
    "subcategory_url": "https://www.rohlik.cz/c300114329-zahranicni"
  },
  {
    "name": "Alnatura BIO Mozzarella rolka",
    "price": "109,90 Kč",
    "unit_price": "366.33 Kč/kg",
    "package_amount": "300 g",
    "subcategory_name": "Sýry - Zahraniční",
    "subcategory_url": "https://www.rohlik.cz/c300114329-zahranicni"
  },
  {
    "name": "Granarolo High protein stracchino",
    "price": "54,40 Kč",
    "unit_price": "340 Kč/kg",
    "package_amount": "160 g",
    "subcategory_name": "Sýry - Zahraniční",
    "subcategory_url": "https://www.rohlik.cz/c300114329-zahranicni"
  },
  {
    "name": "Parmareggio BIO Parmigiano Reggiano DOP parmezán",
    "price": "214,80 Kč",
    "unit_price": "1432 Kč/kg",
    "package_amount": "150 g",
    "subcategory_name": "Sýry - Zahraniční",
    "subcategory_url": "https://www.rohlik.cz/c300114329-zahranicni"
  },
  {
    "name": "Dodoni BIO Sýr feta",
    "price": "127,90 Kč",
    "unit_price": "639.5 Kč/kg",
    "package_amount": "200 g",
    "subcategory_name": "Sýry - Zahraniční",
    "subcategory_url": "https://www.rohlik.cz/c300114329-zahranicni"
  },
  {
    "name": "Cantorel Selection AOC",
    "price": "243,30 Kč",
    "unit_price": "811 Kč/kg",
    "package_amount": "300 g",
    "subcategory_name": "Sýry - Zahraniční",
    "subcategory_url": "https://www.rohlik.cz/c300114329-zahranicni"
  },
  {
    "name": "Parmareggio Parmigiano Reggiano EXTRA parmezán 30 měsíců",
    "price": "176,90 Kč",
    "unit_price": "1179.33 Kč/kg",
    "package_amount": "150 g",
    "subcategory_name": "Sýry - Zahraniční",
    "subcategory_url": "https://www.rohlik.cz/c300114329-zahranicni"
  },
  {
    "name": "Liptov Pološtiepok na gril s brusinkovou omáčkou, 4 ks",
    "price": "144,90 Kč",
    "unit_price": "603.75 Kč/kg",
    "package_amount": "240 g",
    "subcategory_name": "Sýry - Zahraniční",
    "subcategory_url": "https://www.rohlik.cz/c300114329-zahranicni"
  },
  {
    "name": "Sterilgarda Mascarpone bez laktózy",
    "price": "89,90 Kč",
    "unit_price": "359.6 Kč/kg",
    "package_amount": "250 g",
    "subcategory_name": "Sýry - Zahraniční",
    "subcategory_url": "https://www.rohlik.cz/c300114329-zahranicni"
  },
  {
    "name": "Comte PDO",
    "price": "106,07 Kč",
    "unit_price": "815.9 Kč/kg",
    "package_amount": "cca 130 g",
    "subcategory_name": "Sýry - Zahraniční",
    "subcategory_url": "https://www.rohlik.cz/c300114329-zahranicni"
  },
  {
    "name": "Old Amsterdam Mild sýr",
    "price": "89,90 Kč",
    "unit_price": "691.54 Kč/kg",
    "package_amount": "130 g",
    "subcategory_name": "Sýry - Zahraniční",
    "subcategory_url": "https://www.rohlik.cz/c300114329-zahranicni"
  },
  {
    "name": "Rohlik.cz North holland gouda dvouletá PDO",
    "price": "119,90 Kč",
    "unit_price": "799.33 Kč/kg",
    "package_amount": "150 g",
    "subcategory_name": "Sýry - Zahraniční",
    "subcategory_url": "https://www.rohlik.cz/c300114329-zahranicni"
  },
  {
    "name": "Frico Gouda olivy rajče výkroj",
    "price": "117,48 Kč",
    "unit_price": "856.9 Kč/kg",
    "package_amount": "cca 140 g",
    "subcategory_name": "Sýry - Zahraniční",
    "subcategory_url": "https://www.rohlik.cz/c300114329-zahranicni"
  },
  {
    "name": "Granarolo Ricottine bez laktózy",
    "price": "51,90 Kč",
    "unit_price": "259.5 Kč/kg",
    "package_amount": "200 g",
    "subcategory_name": "Sýry - Zahraniční",
    "subcategory_url": "https://www.rohlik.cz/c300114329-zahranicni"
  },
  {
    "name": "Germain Langres sýr AOP",
    "price": "145,90 Kč",
    "unit_price": "810.56 Kč/kg",
    "package_amount": "180 g",
    "subcategory_name": "Sýry - Zahraniční",
    "subcategory_url": "https://www.rohlik.cz/c300114329-zahranicni"
  },
  {
    "name": "Cathedral City Cheddar Mild bloček",
    "price": "110,90 Kč",
    "unit_price": "554.5 Kč/kg",
    "package_amount": "200 g",
    "subcategory_name": "Sýry - Zahraniční",
    "subcategory_url": "https://www.rohlik.cz/c300114329-zahranicni"
  },
  {
    "name": "Germain Chablis sýr",
    "price": "174,90 Kč",
    "unit_price": "874.5 Kč/kg",
    "package_amount": "200 g",
    "subcategory_name": "Sýry - Zahraniční",
    "subcategory_url": "https://www.rohlik.cz/c300114329-zahranicni"
  },
  {
    "name": "Agrofarma Gazdovská parenica přírodní",
    "price": "69,90 Kč",
    "unit_price": "624.11 Kč/kg",
    "package_amount": "112 g",
    "subcategory_name": "Sýry - Zahraniční",
    "subcategory_url": "https://www.rohlik.cz/c300114329-zahranicni"
  },
  {
    "name": "Président Le Crémiot",
    "price": "104,90 Kč",
    "unit_price": "524.5 Kč/kg",
    "package_amount": "200 g",
    "subcategory_name": "Sýry - Zahraniční",
    "subcategory_url": "https://www.rohlik.cz/c300114329-zahranicni"
  },
  {
    "name": "Président Tartimalin smetanový sýr",
    "price": "194,60 Kč",
    "unit_price": "194.6 Kč/kg",
    "package_amount": "1 kg",
    "subcategory_name": "Sýry - Zahraniční",
    "subcategory_url": "https://www.rohlik.cz/c300114329-zahranicni"
  },
  {
    "name": "IDS Pointe Brie de Meaux CHOP sýr",
    "price": "109,90 Kč",
    "unit_price": "549.5 Kč/kg",
    "package_amount": "200 g",
    "subcategory_name": "Sýry - Zahraniční",
    "subcategory_url": "https://www.rohlik.cz/c300114329-zahranicni"
  },
  {
    "name": "Parmareggio L'ABC Snack Tavený sýr, tyčinky a ovocný nápoj",
    "price": "35,90 Kč",
    "unit_price": "217.58 Kč/kg",
    "package_amount": "165 g",
    "subcategory_name": "Sýry - Zahraniční",
    "subcategory_url": "https://www.rohlik.cz/c300114329-zahranicni"
  },
  {
    "name": "Monti trentini Grana Padano DOP",
    "price": "134,90 Kč",
    "unit_price": "674.5 Kč/kg",
    "package_amount": "200 g",
    "subcategory_name": "Sýry - Zahraniční",
    "subcategory_url": "https://www.rohlik.cz/c300114329-zahranicni"
  },
  {
    "name": "El Pastor Španělské tapas trio",
    "price": "111,90 Kč",
    "unit_price": "746 Kč/kg",
    "package_amount": "150 g",
    "subcategory_name": "Sýry - Zahraniční",
    "subcategory_url": "https://www.rohlik.cz/c300114329-zahranicni"
  },
  {
    "name": "Rohlik.cz Tete de Moine AOP",
    "price": "178,35 Kč",
    "unit_price": "1649.9 Kč/kg",
    "package_amount": "cca 110 g",
    "subcategory_name": "Sýry - Zahraniční",
    "subcategory_url": "https://www.rohlik.cz/c300114329-zahranicni"
  },
  {
    "name": "Entremont Raclette plátky",
    "price": "239,90 Kč",
    "unit_price": "599.75 Kč/kg",
    "package_amount": "400 g",
    "subcategory_name": "Sýry - Zahraniční",
    "subcategory_url": "https://www.rohlik.cz/c300114329-zahranicni"
  },
  {
    "name": "Président Palet de Chevre",
    "price": "76,90 Kč",
    "unit_price": "640.83 Kč/kg",
    "package_amount": "120 g",
    "subcategory_name": "Sýry - Zahraniční",
    "subcategory_url": "https://www.rohlik.cz/c300114329-zahranicni"
  },
  {
    "name": "Parmareggio L'ABC snack plumcake a ovocná šťáva",
    "price": "54,90 Kč",
    "unit_price": "345.28 Kč/kg",
    "package_amount": "159 g",
    "subcategory_name": "Sýry - Zahraniční",
    "subcategory_url": "https://www.rohlik.cz/c300114329-zahranicni"
  },
  {
    "name": "Neogal Feta kostky P.D.O.",
    "price": "111,90 Kč",
    "unit_price": "746 Kč/kg",
    "package_amount": "150 g",
    "subcategory_name": "Sýry - Zahraniční",
    "subcategory_url": "https://www.rohlik.cz/c300114329-zahranicni"
  },
  {
    "name": "Bresse Bleu Le Véritable dvouplísňový sýr",
    "price": "96,30 Kč",
    "unit_price": "687.86 Kč/kg",
    "package_amount": "140 g",
    "subcategory_name": "Sýry - Zahraniční",
    "subcategory_url": "https://www.rohlik.cz/c300114329-zahranicni"
  },
  {
    "name": "Parmareggio Parmigiano Reggiano Julienne strouhaný sýr",
    "price": "74,90 Kč",
    "unit_price": "881.18 Kč/kg",
    "package_amount": "85 g",
    "subcategory_name": "Sýry - Zahraniční",
    "subcategory_url": "https://www.rohlik.cz/c300114329-zahranicni"
  },
  {
    "name": "Sterilgarda BIO Mascarpone",
    "price": "84,60 Kč",
    "unit_price": "338.4 Kč/kg",
    "package_amount": "250 g",
    "subcategory_name": "Sýry - Zahraniční",
    "subcategory_url": "https://www.rohlik.cz/c300114329-zahranicni"
  },
  {
    "name": "Président Saint Morgon",
    "price": "104,90 Kč",
    "unit_price": "524.5 Kč/kg",
    "package_amount": "200 g",
    "subcategory_name": "Sýry - Zahraniční",
    "subcategory_url": "https://www.rohlik.cz/c300114329-zahranicni"
  },
  {
    "name": "Liptov Pološtiepok uzený",
    "price": "73,90 Kč",
    "unit_price": "410.56 Kč/kg",
    "package_amount": "180 g",
    "subcategory_name": "Sýry - Zahraniční",
    "subcategory_url": "https://www.rohlik.cz/c300114329-zahranicni"
  },
  {
    "name": "Soignon Buchette Mélusine Chévre kozí sýr",
    "price": "129,90 Kč",
    "unit_price": "721.67 Kč/kg",
    "package_amount": "180 g",
    "subcategory_name": "Sýry - Zahraniční",
    "subcategory_url": "https://www.rohlik.cz/c300114329-zahranicni"
  },
  {
    "name": "Fresh Pack Ovčí sýr s bílou plísní",
    "price": "74,99 Kč",
    "unit_price": "749.9 Kč/kg",
    "package_amount": "cca 100 g",
    "subcategory_name": "Sýry - Zahraniční",
    "subcategory_url": "https://www.rohlik.cz/c300114329-zahranicni"
  },
  {
    "name": "Liptov Hranolčeky na gril, 6 ks",
    "price": "144,90 Kč",
    "unit_price": "690 Kč/kg",
    "package_amount": "210 g",
    "subcategory_name": "Sýry - Zahraniční",
    "subcategory_url": "https://www.rohlik.cz/c300114329-zahranicni"
  },
  {
    "name": "Rohlik.cz Appenzeller výkroj",
    "price": "139,90 Kč",
    "unit_price": "1165.83 Kč/kg",
    "package_amount": "120 g",
    "subcategory_name": "Sýry - Zahraniční",
    "subcategory_url": "https://www.rohlik.cz/c300114329-zahranicni"
  },
  {
    "name": "Parmareggio L'ABC Maxi Snack Parmazán, citrónový čaj a krekry",
    "price": "54,90 Kč",
    "unit_price": "219.6 Kč/kg",
    "package_amount": "250 g",
    "subcategory_name": "Sýry - Zahraniční",
    "subcategory_url": "https://www.rohlik.cz/c300114329-zahranicni"
  },
  {
    "name": "Kozí brie",
    "price": "136,87 Kč",
    "unit_price": "788.9 Kč/kg",
    "package_amount": "cca 170 g",
    "subcategory_name": "Sýry - Zahraniční",
    "subcategory_url": "https://www.rohlik.cz/c300114329-zahranicni"
  },
  {
    "name": "Inalpi Tavený sýr & Grana Padana, plátky",
    "price": "49,90 Kč",
    "unit_price": "332.67 Kč/kg",
    "package_amount": "150 g",
    "subcategory_name": "Sýry - Zahraniční",
    "subcategory_url": "https://www.rohlik.cz/c300114329-zahranicni"
  },
  {
    "name": "Rohlik.cz Provolone výkroj",
    "price": "94,30 Kč",
    "unit_price": "599.9 Kč/kg",
    "package_amount": "cca 160 g",
    "subcategory_name": "Sýry - Zahraniční",
    "subcategory_url": "https://www.rohlik.cz/c300114329-zahranicni"
  },
  {
    "name": "Président Camembert L´Aromatique",
    "price": "129,90 Kč",
    "unit_price": "519.6 Kč/kg",
    "package_amount": "250 g",
    "subcategory_name": "Sýry - Zahraniční",
    "subcategory_url": "https://www.rohlik.cz/c300114329-zahranicni"
  },
  {
    "name": "IDS Camembert z Normadie CHOP sýr",
    "price": "136,20 Kč",
    "unit_price": "544.8 Kč/kg",
    "package_amount": "250 g",
    "subcategory_name": "Sýry - Zahraniční",
    "subcategory_url": "https://www.rohlik.cz/c300114329-zahranicni"
  },
  {
    "name": "Milsy Lacti-No Parenica uzená bez laktózy",
    "price": "58,90 Kč",
    "unit_price": "535.45 Kč/kg",
    "package_amount": "110 g",
    "subcategory_name": "Sýry - Zahraniční",
    "subcategory_url": "https://www.rohlik.cz/c300114329-zahranicni"
  },
  {
    "name": "Agrofarma Bryndza",
    "price": "66,90 Kč",
    "unit_price": "535.2 Kč/kg",
    "package_amount": "125 g",
    "subcategory_name": "Sýry - Zahraniční",
    "subcategory_url": "https://www.rohlik.cz/c300114329-zahranicni"
  },
  {
    "name": "IDS Tomme z Pyrenejí CHZO sýr",
    "price": "107 Kč",
    "unit_price": "535 Kč/kg",
    "package_amount": "200 g",
    "subcategory_name": "Sýry - Zahraniční",
    "subcategory_url": "https://www.rohlik.cz/c300114329-zahranicni"
  },
  {
    "name": "Inalpi Tavený sýr Slurpy burger s čedarem, plátky",
    "price": "54,90 Kč",
    "unit_price": "313.71 Kč/kg",
    "package_amount": "175 g",
    "subcategory_name": "Sýry - Zahraniční",
    "subcategory_url": "https://www.rohlik.cz/c300114329-zahranicni"
  },
  {
    "name": "Rohlik.cz Mild White Cheddar výkroj",
    "price": "90,44 Kč",
    "unit_price": "569.9 Kč/kg",
    "package_amount": "cca 160 g",
    "subcategory_name": "Sýry - Zahraniční",
    "subcategory_url": "https://www.rohlik.cz/c300114329-zahranicni"
  },
  {
    "name": "Kourellas BIO Feta P.D.O. sýr",
    "price": "114,90 Kč",
    "unit_price": "766 Kč/kg",
    "package_amount": "150 g",
    "subcategory_name": "Sýry - Zahraniční",
    "subcategory_url": "https://www.rohlik.cz/c300114329-zahranicni"
  },
  {
    "name": "Heinrichsthaler Gouda strouhaná v sáčku se zipem",
    "price": "159,90 Kč",
    "unit_price": "799.5 Kč/kg",
    "package_amount": "200 g",
    "subcategory_name": "Sýry - Zahraniční",
    "subcategory_url": "https://www.rohlik.cz/c300114329-zahranicni"
  },
  {
    "name": "Inalpi Tavený sýr Mamma Mia, plátky",
    "price": "49,90 Kč",
    "unit_price": "332.67 Kč/kg",
    "package_amount": "150 g",
    "subcategory_name": "Sýry - Zahraniční",
    "subcategory_url": "https://www.rohlik.cz/c300114329-zahranicni"
  },
  {
    "name": "Rohlik.cz Red Cheddar tapas",
    "price": "99,90 Kč",
    "unit_price": "666 Kč/kg",
    "package_amount": "150 g",
    "subcategory_name": "Sýry - Zahraniční",
    "subcategory_url": "https://www.rohlik.cz/c300114329-zahranicni"
  },
  {
    "name": "Germain Triple Creme cheese",
    "price": "145,90 Kč",
    "unit_price": "810.56 Kč/kg",
    "package_amount": "180 g",
    "subcategory_name": "Sýry - Zahraniční",
    "subcategory_url": "https://www.rohlik.cz/c300114329-zahranicni"
  },
  {
    "name": "Liptov Pološtiepok neuzený",
    "price": "74,90 Kč",
    "unit_price": "404.86 Kč/kg",
    "package_amount": "185 g",
    "subcategory_name": "Sýry - Zahraniční",
    "subcategory_url": "https://www.rohlik.cz/c300114329-zahranicni"
  },
  {
    "name": "Rohlik.cz Raclette výkroj",
    "price": "93,90 Kč",
    "unit_price": "782.5 Kč/kg",
    "package_amount": "120 g",
    "subcategory_name": "Sýry - Zahraniční",
    "subcategory_url": "https://www.rohlik.cz/c300114329-zahranicni"
  },
  {
    "name": "Entremont Roquefort AOP",
    "price": "94,90 Kč",
    "unit_price": "949 Kč/kg",
    "package_amount": "100 g",
    "subcategory_name": "Sýry - Zahraniční",
    "subcategory_url": "https://www.rohlik.cz/c300114329-zahranicni"
  },
  {
    "name": "Rougette Krémový sýr na gril (2×90 g)",
    "price": "74,90 Kč",
    "unit_price": "416.11 Kč/kg",
    "package_amount": "180 g",
    "subcategory_name": "Sýry - Zahraniční",
    "subcategory_url": "https://www.rohlik.cz/c300114329-zahranicni"
  },
  {
    "name": "Van Breukelen Kaas Farmářská Gouda Mature Sweet výkroj",
    "price": "118,98 Kč",
    "unit_price": "701.1 Kč/kg",
    "package_amount": "cca 170 g",
    "subcategory_name": "Sýry - Zahraniční",
    "subcategory_url": "https://www.rohlik.cz/c300114329-zahranicni"
  },
  {
    "name": "Lustenberger 1862 Aromatic savoury výkroj",
    "price": "98,72 Kč",
    "unit_price": "759.97 Kč/kg",
    "package_amount": "cca 130 g",
    "subcategory_name": "Sýry - Zahraniční",
    "subcategory_url": "https://www.rohlik.cz/c300114329-zahranicni"
  },
  {
    "name": "Old Amsterdam bloček",
    "price": "197,90 Kč",
    "unit_price": "791.6 Kč/kg",
    "package_amount": "250 g",
    "subcategory_name": "Sýry - Zahraniční",
    "subcategory_url": "https://www.rohlik.cz/c300114329-zahranicni"
  },
  {
    "name": "Dublin Dairy Irish cheddar white plátky",
    "price": "88,90 Kč",
    "unit_price": "592.67 Kč/kg",
    "package_amount": "150 g",
    "subcategory_name": "Sýry - Zahraniční",
    "subcategory_url": "https://www.rohlik.cz/c300114329-zahranicni"
  },
  {
    "name": "Nonno Nanni Robiola sýr",
    "price": "77,80 Kč",
    "unit_price": "778 Kč/kg",
    "package_amount": "100 g",
    "subcategory_name": "Sýry - Zahraniční",
    "subcategory_url": "https://www.rohlik.cz/c300114329-zahranicni"
  },
  {
    "name": "Parmareggio Reggiano sýrové vločky",
    "price": "92,90 Kč",
    "unit_price": "929 Kč/kg",
    "package_amount": "100 g",
    "subcategory_name": "Sýry - Zahraniční",
    "subcategory_url": "https://www.rohlik.cz/c300114329-zahranicni"
  },
  {
    "name": "Parmareggio Parmigiano Reggiano DOP strouhaný 30 měsíců",
    "price": "69,90 Kč",
    "unit_price": "1165 Kč/kg",
    "package_amount": "60 g",
    "subcategory_name": "Sýry - Zahraniční",
    "subcategory_url": "https://www.rohlik.cz/c300114329-zahranicni"
  },
  {
    "name": "Carozzi Dolce Paradiso mascarpone gorgonzola s lanýži",
    "price": "139,90 Kč",
    "unit_price": "932.67 Kč/kg",
    "package_amount": "150 g",
    "subcategory_name": "Sýry - Zahraniční",
    "subcategory_url": "https://www.rohlik.cz/c300114329-zahranicni"
  },
  {
    "name": "Kourellas BIO Manouri sýr",
    "price": "109,90 Kč",
    "unit_price": "732.67 Kč/kg",
    "package_amount": "150 g",
    "subcategory_name": "Sýry - Zahraniční",
    "subcategory_url": "https://www.rohlik.cz/c300114329-zahranicni"
  },
  {
    "name": "Parmareggio Parmigiano Reggiano 30 měsíců",
    "price": "394,90 Kč",
    "unit_price": "987.25 Kč/kg",
    "package_amount": "400 g",
    "subcategory_name": "Sýry - Zahraniční",
    "subcategory_url": "https://www.rohlik.cz/c300114329-zahranicni"
  },
  {
    "name": "Comté extra vieux AOP",
    "price": "379,78 Kč",
    "unit_price": "1460.7 Kč/kg",
    "package_amount": "cca 260 g",
    "subcategory_name": "Sýry - Zahraniční",
    "subcategory_url": "https://www.rohlik.cz/c300114329-zahranicni"
  },
  {
    "name": "Parmareggio Proteinový snack",
    "price": "59,90 Kč",
    "unit_price": "1426.19 Kč/kg",
    "package_amount": "42 g",
    "subcategory_name": "Sýry - Zahraniční",
    "subcategory_url": "https://www.rohlik.cz/c300114329-zahranicni"
  },
  {
    "name": "Rohlik.cz Gouda holandská 48+ tapas",
    "price": "119,90 Kč",
    "unit_price": "799.33 Kč/kg",
    "package_amount": "150 g",
    "subcategory_name": "Sýry - Zahraniční",
    "subcategory_url": "https://www.rohlik.cz/c300114329-zahranicni"
  },
  {
    "name": "Germain Le Pico kozí sýr",
    "price": "109,90 Kč",
    "unit_price": "879.2 Kč/kg",
    "package_amount": "125 g",
    "subcategory_name": "Sýry - Zahraniční",
    "subcategory_url": "https://www.rohlik.cz/c300114329-zahranicni"
  },
  {
    "name": "Old Amsterdam plátky",
    "price": "134,90 Kč",
    "unit_price": "899.33 Kč/kg",
    "package_amount": "150 g",
    "subcategory_name": "Sýry - Zahraniční",
    "subcategory_url": "https://www.rohlik.cz/c300114329-zahranicni"
  },
  {
    "name": "Granarolo Gocce di Mozzarella kuličky",
    "price": "50,90 Kč",
    "unit_price": "407.2 Kč/kg",
    "package_amount": "125 g",
    "subcategory_name": "Sýry - Zahraniční",
    "subcategory_url": "https://www.rohlik.cz/c300114329-zahranicni"
  },
  {
    "name": "Caseamo Uzená Gouda freshpack",
    "price": "79,57 Kč",
    "unit_price": "574.5 Kč/kg",
    "package_amount": "cca 140 g",
    "subcategory_name": "Sýry - Zahraniční",
    "subcategory_url": "https://www.rohlik.cz/c300114329-zahranicni"
  },
  {
    "name": "Džiugas Mild tvrdý sýr zrající 12 měsíců",
    "price": "109,90 Kč",
    "unit_price": "610.56 Kč/kg",
    "package_amount": "180 g",
    "subcategory_name": "Sýry - Zahraniční",
    "subcategory_url": "https://www.rohlik.cz/c300114329-zahranicni"
  },
  {
    "name": "Milsy Parenica uzená",
    "price": "79,90 Kč",
    "unit_price": "665.83 Kč/kg",
    "package_amount": "120 g",
    "subcategory_name": "Sýry - Zahraniční",
    "subcategory_url": "https://www.rohlik.cz/c300114329-zahranicni"
  },
  {
    "name": "Bleu d´Auvergne PDO",
    "price": "66,90 Kč",
    "unit_price": "535.2 Kč/kg",
    "package_amount": "125 g",
    "subcategory_name": "Sýry - Zahraniční",
    "subcategory_url": "https://www.rohlik.cz/c300114329-zahranicni"
  },
  {
    "name": "El Pastor Manchego semicurado ovčí sýr",
    "price": "144,90 Kč",
    "unit_price": "966 Kč/kg",
    "package_amount": "150 g",
    "subcategory_name": "Sýry - Zahraniční",
    "subcategory_url": "https://www.rohlik.cz/c300114329-zahranicni"
  },
  {
    "name": "IDS Epoisses CHOP sýr",
    "price": "214,10 Kč",
    "unit_price": "856.4 Kč/kg",
    "package_amount": "250 g",
    "subcategory_name": "Sýry - Zahraniční",
    "subcategory_url": "https://www.rohlik.cz/c300114329-zahranicni"
  },
  {
    "name": "Rohlik.cz Provolone uzené výkroj",
    "price": "95,74 Kč",
    "unit_price": "599.9 Kč/kg",
    "package_amount": "cca 160 g",
    "subcategory_name": "Sýry - Zahraniční",
    "subcategory_url": "https://www.rohlik.cz/c300114329-zahranicni"
  },
  {
    "name": "Entremont Fourme d'Ambert PDO",
    "price": "81,90 Kč",
    "unit_price": "546 Kč/kg",
    "package_amount": "150 g",
    "subcategory_name": "Sýry - Zahraniční",
    "subcategory_url": "https://www.rohlik.cz/c300114329-zahranicni"
  },
  {
    "name": "Frico Old Dutch Master Gouda sýr 48% výkroj",
    "price": "126,50 Kč",
    "unit_price": "702.78 Kč/kg",
    "package_amount": "180 g",
    "subcategory_name": "Sýry - Zahraniční",
    "subcategory_url": "https://www.rohlik.cz/c300114329-zahranicni"
  },
  {
    "name": "Germain Epoisses sýr AOP",
    "price": "194,40 Kč",
    "unit_price": "777.6 Kč/kg",
    "package_amount": "250 g",
    "subcategory_name": "Sýry - Zahraniční",
    "subcategory_url": "https://www.rohlik.cz/c300114329-zahranicni"
  },
  {
    "name": "Inalpi Tavený sýr s pepřem, plátky",
    "price": "49,90 Kč",
    "unit_price": "332.67 Kč/kg",
    "package_amount": "150 g",
    "subcategory_name": "Sýry - Zahraniční",
    "subcategory_url": "https://www.rohlik.cz/c300114329-zahranicni"
  },
  {
    "name": "Morbidi Sýr Pecorino Toscano DOP",
    "price": "284,90 Kč",
    "unit_price": "814 Kč/kg",
    "package_amount": "350 g",
    "subcategory_name": "Sýry - Zahraniční",
    "subcategory_url": "https://www.rohlik.cz/c300114329-zahranicni"
  },
  {
    "name": "RichesMonts Foundue na savojský způsob",
    "price": "79,90 Kč",
    "unit_price": "532.67 Kč/kg",
    "package_amount": "150 g",
    "subcategory_name": "Sýry - Zahraniční",
    "subcategory_url": "https://www.rohlik.cz/c300114329-zahranicni"
  },
  {
    "name": "L'Opera sýr",
    "price": "148,86 Kč",
    "unit_price": "744.3 Kč/kg",
    "package_amount": "200 g",
    "subcategory_name": "Sýry - Zahraniční",
    "subcategory_url": "https://www.rohlik.cz/c300114329-zahranicni"
  },
  {
    "name": "Rohlik.cz Provolone uzené tapas",
    "price": "109,90 Kč",
    "unit_price": "732.67 Kč/kg",
    "package_amount": "150 g",
    "subcategory_name": "Sýry - Zahraniční",
    "subcategory_url": "https://www.rohlik.cz/c300114329-zahranicni"
  },
  {
    "name": "Caseificio Longo Sýr na gril Tomino del Boscaiolo se speckem",
    "price": "119,90 Kč",
    "unit_price": "614.87 Kč/kg",
    "package_amount": "195 g",
    "subcategory_name": "Sýry - Zahraniční",
    "subcategory_url": "https://www.rohlik.cz/c300114329-zahranicni"
  },
  {
    "name": "Rohlik.cz Gorgonzola spicy PDO \"Il Bacco Verde\" tapas",
    "price": "119,90 Kč",
    "unit_price": "799.33 Kč/kg",
    "package_amount": "150 g",
    "subcategory_name": "Sýry - Zahraniční",
    "subcategory_url": "https://www.rohlik.cz/c300114329-zahranicni"
  },
  {
    "name": "Rohlik.cz Oak-Smoked Cheddar výkroj",
    "price": "122,80 Kč",
    "unit_price": "759.9 Kč/kg",
    "package_amount": "cca 160 g",
    "subcategory_name": "Sýry - Zahraniční",
    "subcategory_url": "https://www.rohlik.cz/c300114329-zahranicni"
  },
  {
    "name": "Le Superbe 1862 Swiss Fondue",
    "price": "259,90 Kč",
    "unit_price": "649.75 Kč/kg",
    "package_amount": "400 g",
    "subcategory_name": "Sýry - Zahraniční",
    "subcategory_url": "https://www.rohlik.cz/c300114329-zahranicni"
  },
  {
    "name": "Fattorie Garofalo Buffalo mascarpone",
    "price": "118,90 Kč",
    "unit_price": "475.6 Kč/kg",
    "package_amount": "250 g",
    "subcategory_name": "Sýry - Zahraniční",
    "subcategory_url": "https://www.rohlik.cz/c300114329-zahranicni"
  },
  {
    "name": "Caseificio Longo Sýr na gril Tomino del Boscaiolo se slaninou",
    "price": "119,90 Kč",
    "unit_price": "614.87 Kč/kg",
    "package_amount": "195 g",
    "subcategory_name": "Sýry - Zahraniční",
    "subcategory_url": "https://www.rohlik.cz/c300114329-zahranicni"
  },
  {
    "name": "Morbidi Tvrdý sýr Pecorino „CreteSenesi“ rustico",
    "price": "295,92 Kč",
    "unit_price": "739.8 Kč/kg",
    "package_amount": "400 g",
    "subcategory_name": "Sýry - Zahraniční",
    "subcategory_url": "https://www.rohlik.cz/c300114329-zahranicni"
  },
  {
    "name": "Saint Marcellin sýr",
    "price": "150,80 Kč",
    "unit_price": "1508 Kč/kg",
    "package_amount": "100 g",
    "subcategory_name": "Sýry - Zahraniční",
    "subcategory_url": "https://www.rohlik.cz/c300114329-zahranicni"
  },
  {
    "name": "Brillat Savarin sýr",
    "price": "311,50 Kč",
    "unit_price": "1557.5 Kč/kg",
    "package_amount": "200 g",
    "subcategory_name": "Sýry - Zahraniční",
    "subcategory_url": "https://www.rohlik.cz/c300114329-zahranicni"
  },
  {
    "name": "Liptov Pološtiepok na gril s pikantní omáčkou, 4 ks",
    "price": "149,90 Kč",
    "unit_price": "624.58 Kč/kg",
    "package_amount": "240 g",
    "subcategory_name": "Sýry - Zahraniční",
    "subcategory_url": "https://www.rohlik.cz/c300114329-zahranicni"
  },
  {
    "name": "Van den Veer Gouda s červeným pestem výkroj",
    "price": "95,52 Kč",
    "unit_price": "730.3 Kč/kg",
    "package_amount": "cca 130 g",
    "subcategory_name": "Sýry - Zahraniční",
    "subcategory_url": "https://www.rohlik.cz/c300114329-zahranicni"
  },
  {
    "name": "Singletons Sýr čedar s lanýžem plátky",
    "price": "129,90 Kč",
    "unit_price": "866 Kč/kg",
    "package_amount": "150 g",
    "subcategory_name": "Sýry - Zahraniční",
    "subcategory_url": "https://www.rohlik.cz/c300114329-zahranicni"
  },
  {
    "name": "Rohlik.cz  Emmental 45% plátky",
    "price": "60,36 Kč",
    "unit_price": "559.9 Kč/kg",
    "package_amount": "cca 110 g",
    "subcategory_name": "Sýry - K vínu",
    "subcategory_url": "https://www.rohlik.cz/c300122648-syry-k-vinu"
  },
  {
    "name": "Parmareggio Parmigiano Reggiano parmezán 12 měsíců",
    "price": "151,90 Kč",
    "unit_price": "1012.67 Kč/kg",
    "package_amount": "150 g",
    "subcategory_name": "Sýry - K vínu",
    "subcategory_url": "https://www.rohlik.cz/c300122648-syry-k-vinu"
  },
  {
    "name": "Président 12Petits Chevres Doux kozí sýr",
    "price": "99,90 Kč",
    "unit_price": "499.5 Kč/kg",
    "package_amount": "200 g",
    "subcategory_name": "Sýry - K vínu",
    "subcategory_url": "https://www.rohlik.cz/c300122648-syry-k-vinu"
  },
  {
    "name": "Gouda s lanýži",
    "price": "118,94 Kč",
    "unit_price": "905.9 Kč/kg",
    "package_amount": "cca 130 g",
    "subcategory_name": "Sýry - K vínu",
    "subcategory_url": "https://www.rohlik.cz/c300122648-syry-k-vinu"
  },
  {
    "name": "Frenchi Brie",
    "price": "89,90 Kč",
    "unit_price": "449.5 Kč/kg",
    "package_amount": "200 g",
    "subcategory_name": "Sýry - K vínu",
    "subcategory_url": "https://www.rohlik.cz/c300122648-syry-k-vinu"
  },
  {
    "name": "Old Amsterdam kostky",
    "price": "124,90 Kč",
    "unit_price": "832.67 Kč/kg",
    "package_amount": "150 g",
    "subcategory_name": "Sýry - K vínu",
    "subcategory_url": "https://www.rohlik.cz/c300122648-syry-k-vinu"
  },
  {
    "name": "Président La Buche fondante kozí sýr",
    "price": "99,90 Kč",
    "unit_price": "555 Kč/kg",
    "package_amount": "180 g",
    "subcategory_name": "Sýry - K vínu",
    "subcategory_url": "https://www.rohlik.cz/c300122648-syry-k-vinu"
  },
  {
    "name": "Rohlik.cz Gouda s chilli výkroj",
    "price": "82,60 Kč",
    "unit_price": "688.33 Kč/kg",
    "package_amount": "120 g",
    "subcategory_name": "Sýry - K vínu",
    "subcategory_url": "https://www.rohlik.cz/c300122648-syry-k-vinu"
  },
  {
    "name": "Rohlik.cz Gouda uleželá 14 týdnů výkroj",
    "price": "87,50 Kč",
    "unit_price": "729.17 Kč/kg",
    "package_amount": "120 g",
    "subcategory_name": "Sýry - K vínu",
    "subcategory_url": "https://www.rohlik.cz/c300122648-syry-k-vinu"
  },
  {
    "name": "Rohlik.cz Gouda s bylinkami výkroj",
    "price": "82,60 Kč",
    "unit_price": "688.33 Kč/kg",
    "package_amount": "120 g",
    "subcategory_name": "Sýry - K vínu",
    "subcategory_url": "https://www.rohlik.cz/c300122648-syry-k-vinu"
  },
  {
    "name": "Feta P.D.O.",
    "price": "107 Kč",
    "unit_price": "535 Kč/kg",
    "package_amount": "200 g",
    "subcategory_name": "Sýry - K vínu",
    "subcategory_url": "https://www.rohlik.cz/c300122648-syry-k-vinu"
  },
  {
    "name": "Le Rustique Brie",
    "price": "114,90 Kč",
    "unit_price": "574.5 Kč/kg",
    "package_amount": "200 g",
    "subcategory_name": "Sýry - K vínu",
    "subcategory_url": "https://www.rohlik.cz/c300122648-syry-k-vinu"
  },
  {
    "name": "Rohlik.cz Gorgonzola spoonable PDO",
    "price": "89,80 Kč",
    "unit_price": "699.9 Kč/kg",
    "package_amount": "cca 130 g",
    "subcategory_name": "Sýry - K vínu",
    "subcategory_url": "https://www.rohlik.cz/c300122648-syry-k-vinu"
  },
  {
    "name": "Heinrichsthaler Emmental 45% plátky",
    "price": "62,90 Kč",
    "unit_price": "503.2 Kč/kg",
    "package_amount": "125 g",
    "subcategory_name": "Sýry - K vínu",
    "subcategory_url": "https://www.rohlik.cz/c300122648-syry-k-vinu"
  },
  {
    "name": "Président Emmental bloček",
    "price": "136,20 Kč",
    "unit_price": "544.8 Kč/kg",
    "package_amount": "250 g",
    "subcategory_name": "Sýry - K vínu",
    "subcategory_url": "https://www.rohlik.cz/c300122648-syry-k-vinu"
  },
  {
    "name": "Feta P.D.O.",
    "price": "214,10 Kč",
    "unit_price": "535.25 Kč/kg",
    "package_amount": "400 g",
    "subcategory_name": "Sýry - K vínu",
    "subcategory_url": "https://www.rohlik.cz/c300122648-syry-k-vinu"
  },
  {
    "name": "Bettine Kozí čerstvý sýr s medem",
    "price": "62,20 Kč",
    "unit_price": "497.6 Kč/kg",
    "package_amount": "125 g",
    "subcategory_name": "Sýry - K vínu",
    "subcategory_url": "https://www.rohlik.cz/c300122648-syry-k-vinu"
  },
  {
    "name": "Entremont Gruyere de France IGP",
    "price": "155,90 Kč",
    "unit_price": "779.5 Kč/kg",
    "package_amount": "200 g",
    "subcategory_name": "Sýry - K vínu",
    "subcategory_url": "https://www.rohlik.cz/c300122648-syry-k-vinu"
  },
  {
    "name": "Rohlik.cz Le Gruyere AOP výkroj",
    "price": "220,83 Kč",
    "unit_price": "1299 Kč/kg",
    "package_amount": "cca 170 g",
    "subcategory_name": "Sýry - K vínu",
    "subcategory_url": "https://www.rohlik.cz/c300122648-syry-k-vinu"
  },
  {
    "name": "Entremont Comte AOP",
    "price": "155,90 Kč",
    "unit_price": "779.5 Kč/kg",
    "package_amount": "200 g",
    "subcategory_name": "Sýry - K vínu",
    "subcategory_url": "https://www.rohlik.cz/c300122648-syry-k-vinu"
  },
  {
    "name": "Président 6Petits Chévres kozí sýr",
    "price": "84,90 Kč",
    "unit_price": "849 Kč/kg",
    "package_amount": "100 g",
    "subcategory_name": "Sýry - K vínu",
    "subcategory_url": "https://www.rohlik.cz/c300122648-syry-k-vinu"
  },
  {
    "name": "Parmareggio Parmigiano Reggiano EXTRA parmezán 30 měsíců",
    "price": "176,90 Kč",
    "unit_price": "1179.33 Kč/kg",
    "package_amount": "150 g",
    "subcategory_name": "Sýry - K vínu",
    "subcategory_url": "https://www.rohlik.cz/c300122648-syry-k-vinu"
  },
  {
    "name": "Comte PDO",
    "price": "106,07 Kč",
    "unit_price": "815.9 Kč/kg",
    "package_amount": "cca 130 g",
    "subcategory_name": "Sýry - K vínu",
    "subcategory_url": "https://www.rohlik.cz/c300122648-syry-k-vinu"
  },
  {
    "name": "Rohlik.cz North holland gouda dvouletá PDO",
    "price": "119,90 Kč",
    "unit_price": "799.33 Kč/kg",
    "package_amount": "150 g",
    "subcategory_name": "Sýry - K vínu",
    "subcategory_url": "https://www.rohlik.cz/c300122648-syry-k-vinu"
  },
  {
    "name": "IDS Pointe Brie de Meaux CHOP sýr",
    "price": "109,90 Kč",
    "unit_price": "549.5 Kč/kg",
    "package_amount": "200 g",
    "subcategory_name": "Sýry - K vínu",
    "subcategory_url": "https://www.rohlik.cz/c300122648-syry-k-vinu"
  },
  {
    "name": "El Pastor Španělské tapas trio",
    "price": "111,90 Kč",
    "unit_price": "746 Kč/kg",
    "package_amount": "150 g",
    "subcategory_name": "Sýry - K vínu",
    "subcategory_url": "https://www.rohlik.cz/c300122648-syry-k-vinu"
  },
  {
    "name": "Entremont Raclette plátky",
    "price": "239,90 Kč",
    "unit_price": "599.75 Kč/kg",
    "package_amount": "400 g",
    "subcategory_name": "Sýry - K vínu",
    "subcategory_url": "https://www.rohlik.cz/c300122648-syry-k-vinu"
  },
  {
    "name": "Neogal Feta kostky P.D.O.",
    "price": "111,90 Kč",
    "unit_price": "746 Kč/kg",
    "package_amount": "150 g",
    "subcategory_name": "Sýry - K vínu",
    "subcategory_url": "https://www.rohlik.cz/c300122648-syry-k-vinu"
  },
  {
    "name": "Bon Lait kozí sýr LaGouda",
    "price": "76,80 Kč",
    "unit_price": "853.33 Kč/kg",
    "package_amount": "90 g",
    "subcategory_name": "Sýry - K vínu",
    "subcategory_url": "https://www.rohlik.cz/c300122648-syry-k-vinu"
  },
  {
    "name": "Rohlik.cz Appenzeller výkroj",
    "price": "139,90 Kč",
    "unit_price": "1165.83 Kč/kg",
    "package_amount": "120 g",
    "subcategory_name": "Sýry - K vínu",
    "subcategory_url": "https://www.rohlik.cz/c300122648-syry-k-vinu"
  },
  {
    "name": "Président Camembert L´Aromatique",
    "price": "129,90 Kč",
    "unit_price": "519.6 Kč/kg",
    "package_amount": "250 g",
    "subcategory_name": "Sýry - K vínu",
    "subcategory_url": "https://www.rohlik.cz/c300122648-syry-k-vinu"
  },
  {
    "name": "IDS Camembert z Normadie CHOP sýr",
    "price": "136,20 Kč",
    "unit_price": "544.8 Kč/kg",
    "package_amount": "250 g",
    "subcategory_name": "Sýry - K vínu",
    "subcategory_url": "https://www.rohlik.cz/c300122648-syry-k-vinu"
  },
  {
    "name": "Rohlik.cz Red Cheddar tapas",
    "price": "99,90 Kč",
    "unit_price": "666 Kč/kg",
    "package_amount": "150 g",
    "subcategory_name": "Sýry - K vínu",
    "subcategory_url": "https://www.rohlik.cz/c300122648-syry-k-vinu"
  },
  {
    "name": "Rohlik.cz Raclette výkroj",
    "price": "93,90 Kč",
    "unit_price": "782.5 Kč/kg",
    "package_amount": "120 g",
    "subcategory_name": "Sýry - K vínu",
    "subcategory_url": "https://www.rohlik.cz/c300122648-syry-k-vinu"
  },
  {
    "name": "Entremont Roquefort AOP",
    "price": "94,90 Kč",
    "unit_price": "949 Kč/kg",
    "package_amount": "100 g",
    "subcategory_name": "Sýry - K vínu",
    "subcategory_url": "https://www.rohlik.cz/c300122648-syry-k-vinu"
  },
  {
    "name": "Van Breukelen Kaas Farmářská Gouda Mature Sweet výkroj",
    "price": "118,98 Kč",
    "unit_price": "701.1 Kč/kg",
    "package_amount": "cca 170 g",
    "subcategory_name": "Sýry - K vínu",
    "subcategory_url": "https://www.rohlik.cz/c300122648-syry-k-vinu"
  },
  {
    "name": "Comté extra vieux AOP",
    "price": "379,78 Kč",
    "unit_price": "1460.7 Kč/kg",
    "package_amount": "cca 260 g",
    "subcategory_name": "Sýry - K vínu",
    "subcategory_url": "https://www.rohlik.cz/c300122648-syry-k-vinu"
  },
  {
    "name": "Rohlik.cz Gouda holandská 48+ tapas",
    "price": "119,90 Kč",
    "unit_price": "799.33 Kč/kg",
    "package_amount": "150 g",
    "subcategory_name": "Sýry - K vínu",
    "subcategory_url": "https://www.rohlik.cz/c300122648-syry-k-vinu"
  },
  {
    "name": "IDS Epoisses CHOP sýr",
    "price": "214,10 Kč",
    "unit_price": "856.4 Kč/kg",
    "package_amount": "250 g",
    "subcategory_name": "Sýry - K vínu",
    "subcategory_url": "https://www.rohlik.cz/c300122648-syry-k-vinu"
  },
  {
    "name": "Frico Old Dutch Master Gouda sýr 48% výkroj",
    "price": "126,50 Kč",
    "unit_price": "702.78 Kč/kg",
    "package_amount": "180 g",
    "subcategory_name": "Sýry - K vínu",
    "subcategory_url": "https://www.rohlik.cz/c300122648-syry-k-vinu"
  },
  {
    "name": "Germain Epoisses sýr AOP",
    "price": "194,40 Kč",
    "unit_price": "777.6 Kč/kg",
    "package_amount": "250 g",
    "subcategory_name": "Sýry - K vínu",
    "subcategory_url": "https://www.rohlik.cz/c300122648-syry-k-vinu"
  },
  {
    "name": "Rohlik.cz Gorgonzola spicy PDO \"Il Bacco Verde\" tapas",
    "price": "119,90 Kč",
    "unit_price": "799.33 Kč/kg",
    "package_amount": "150 g",
    "subcategory_name": "Sýry - K vínu",
    "subcategory_url": "https://www.rohlik.cz/c300122648-syry-k-vinu"
  },
  {
    "name": "Brillat Savarin sýr",
    "price": "311,50 Kč",
    "unit_price": "1557.5 Kč/kg",
    "package_amount": "200 g",
    "subcategory_name": "Sýry - K vínu",
    "subcategory_url": "https://www.rohlik.cz/c300122648-syry-k-vinu"
  },
  {
    "name": "IDS Neufchatel CHOP sýr",
    "price": "91,40 Kč",
    "unit_price": "457 Kč/kg",
    "package_amount": "200 g",
    "subcategory_name": "Sýry - K vínu",
    "subcategory_url": "https://www.rohlik.cz/c300122648-syry-k-vinu"
  },
  {
    "name": "Van den Veer Gouda s červeným pestem výkroj",
    "price": "95,52 Kč",
    "unit_price": "730.3 Kč/kg",
    "package_amount": "cca 130 g",
    "subcategory_name": "Sýry - K vínu",
    "subcategory_url": "https://www.rohlik.cz/c300122648-syry-k-vinu"
  },
  {
    "name": "Coburger Brie \"Minus L\" se sníženým obsahem laktózy",
    "price": "109,90 Kč",
    "unit_price": "549.5 Kč/kg",
    "package_amount": "200 g",
    "subcategory_name": "Sýry - K vínu",
    "subcategory_url": "https://www.rohlik.cz/c300122648-syry-k-vinu"
  },
  {
    "name": "Soignon Chévre a Tartiner kozí sýr",
    "price": "92,40 Kč",
    "unit_price": "660 Kč/kg",
    "package_amount": "140 g",
    "subcategory_name": "Sýry - K vínu",
    "subcategory_url": "https://www.rohlik.cz/c300122648-syry-k-vinu"
  },
  {
    "name": "Snowdonia Cheddar red devil červený sýr s chilli",
    "price": "223,90 Kč",
    "unit_price": "1119.5 Kč/kg",
    "package_amount": "200 g",
    "subcategory_name": "Sýry - K vínu",
    "subcategory_url": "https://www.rohlik.cz/c300122648-syry-k-vinu"
  },
  {
    "name": "Camembert AOP",
    "price": "214,10 Kč",
    "unit_price": "856.4 Kč/kg",
    "package_amount": "250 g",
    "subcategory_name": "Sýry - K vínu",
    "subcategory_url": "https://www.rohlik.cz/c300122648-syry-k-vinu"
  },
  {
    "name": "Snowdonia Cheddar black bomber extra uleželý sýr",
    "price": "223,90 Kč",
    "unit_price": "1119.5 Kč/kg",
    "package_amount": "200 g",
    "subcategory_name": "Sýry - K vínu",
    "subcategory_url": "https://www.rohlik.cz/c300122648-syry-k-vinu"
  },
  {
    "name": "Rohlik.cz Gorgonzola spicy PDO \"Il Bacco Verde\" výkroj",
    "price": "108,27 Kč",
    "unit_price": "847.2 Kč/kg",
    "package_amount": "cca 130 g",
    "subcategory_name": "Sýry - K vínu",
    "subcategory_url": "https://www.rohlik.cz/c300122648-syry-k-vinu"
  },
  {
    "name": "Snowdonia Cheddar amber mist sýr s whisky",
    "price": "223,90 Kč",
    "unit_price": "1119.5 Kč/kg",
    "package_amount": "200 g",
    "subcategory_name": "Sýry - K vínu",
    "subcategory_url": "https://www.rohlik.cz/c300122648-syry-k-vinu"
  },
  {
    "name": "BIO Kozí sýr",
    "price": "106 Kč",
    "unit_price": "876.9 Kč/kg",
    "package_amount": "cca 120 g",
    "subcategory_name": "Sýry - K vínu",
    "subcategory_url": "https://www.rohlik.cz/c300122648-syry-k-vinu"
  },
  {
    "name": "IDS Gruyère CHZO francouzský sýr",
    "price": "136,20 Kč",
    "unit_price": "544.8 Kč/kg",
    "package_amount": "250 g",
    "subcategory_name": "Sýry - K vínu",
    "subcategory_url": "https://www.rohlik.cz/c300122648-syry-k-vinu"
  },
  {
    "name": "IDS Roquefort CHOP sýr porce",
    "price": "116,70 Kč",
    "unit_price": "778 Kč/kg",
    "package_amount": "150 g",
    "subcategory_name": "Sýry - K vínu",
    "subcategory_url": "https://www.rohlik.cz/c300122648-syry-k-vinu"
  },
  {
    "name": "IDS Reblochon ze Savojska CHOP sýr",
    "price": "292 Kč",
    "unit_price": "648.89 Kč/kg",
    "package_amount": "450 g",
    "subcategory_name": "Sýry - K vínu",
    "subcategory_url": "https://www.rohlik.cz/c300122648-syry-k-vinu"
  },
  {
    "name": "Asiago PDO",
    "price": "95,03 Kč",
    "unit_price": "619.9 Kč/kg",
    "package_amount": "cca 150 g",
    "subcategory_name": "Sýry - K vínu",
    "subcategory_url": "https://www.rohlik.cz/c300122648-syry-k-vinu"
  },
  {
    "name": "Cheesupers mozzarellové tyčinky",
    "price": "41,90 Kč",
    "unit_price": "523.75 Kč/kg",
    "package_amount": "80 g",
    "subcategory_name": "Sýry - Snacky",
    "subcategory_url": "https://www.rohlik.cz/c300124065-syrove-snacky-a-pro-deti"
  },
  {
    "name": "Veselá Kráva Sýr a křup 4 ks",
    "price": "69,90 Kč",
    "unit_price": "499.29 Kč/kg",
    "package_amount": "140 g",
    "subcategory_name": "Sýry - Snacky",
    "subcategory_url": "https://www.rohlik.cz/c300124065-syrove-snacky-a-pro-deti"
  },
  {
    "name": "Madeta Lipánek sýr 48% plátky",
    "price": "36,90 Kč",
    "unit_price": "369 Kč/kg",
    "package_amount": "100 g",
    "subcategory_name": "Sýry - Snacky",
    "subcategory_url": "https://www.rohlik.cz/c300124065-syrove-snacky-a-pro-deti"
  },
  {
    "name": "Veselá kráva Sýr a křup s šunkovou příchutí",
    "price": "19,90 Kč",
    "unit_price": "568.57 Kč/kg",
    "package_amount": "35 g",
    "subcategory_name": "Sýry - Snacky",
    "subcategory_url": "https://www.rohlik.cz/c300124065-syrove-snacky-a-pro-deti"
  },
  {
    "name": "Kiri Křup Tavený sýr a trvanlivé pečivo",
    "price": "19,90 Kč",
    "unit_price": "568.57 Kč/kg",
    "package_amount": "35 g",
    "subcategory_name": "Sýry - Snacky",
    "subcategory_url": "https://www.rohlik.cz/c300124065-syrove-snacky-a-pro-deti"
  },
  {
    "name": "Milko Sýrové tyčky 4×20 g",
    "price": "39,90 Kč",
    "unit_price": "498.75 Kč/kg",
    "package_amount": "80 g",
    "subcategory_name": "Sýry - Snacky",
    "subcategory_url": "https://www.rohlik.cz/c300124065-syrove-snacky-a-pro-deti"
  },
  {
    "name": "Mini Babybel Original 9×20 g",
    "price": "119,90 Kč",
    "unit_price": "666.11 Kč/kg",
    "package_amount": "180 g",
    "subcategory_name": "Sýry - Snacky",
    "subcategory_url": "https://www.rohlik.cz/c300124065-syrove-snacky-a-pro-deti"
  },
  {
    "name": "Veselá kráva Sýr a křup s příchutí pizza 4 ks",
    "price": "69,90 Kč",
    "unit_price": "499.29 Kč/kg",
    "package_amount": "140 g",
    "subcategory_name": "Sýry - Snacky",
    "subcategory_url": "https://www.rohlik.cz/c300124065-syrove-snacky-a-pro-deti"
  },
  {
    "name": "Kiri Křup Tavený sýr a trvanlivé pečivo family pack 3×35 g",
    "price": "59,90 Kč",
    "unit_price": "570.48 Kč/kg",
    "package_amount": "105 g",
    "subcategory_name": "Sýry - Snacky",
    "subcategory_url": "https://www.rohlik.cz/c300124065-syrove-snacky-a-pro-deti"
  },
  {
    "name": "Mini Babybel Original",
    "price": "67,90 Kč",
    "unit_price": "679 Kč/kg",
    "package_amount": "100 g",
    "subcategory_name": "Sýry - Snacky",
    "subcategory_url": "https://www.rohlik.cz/c300124065-syrove-snacky-a-pro-deti"
  },
  {
    "name": "Mini Babybel Mini rolls",
    "price": "89,90 Kč",
    "unit_price": "1057.65 Kč/kg",
    "package_amount": "85 g",
    "subcategory_name": "Sýry - Snacky",
    "subcategory_url": "https://www.rohlik.cz/c300124065-syrove-snacky-a-pro-deti"
  },
  {
    "name": "Parmareggio L'ABC Snack Parmazán, tyčinky a ovocný nápoj",
    "price": "34,90 Kč",
    "unit_price": "222.29 Kč/kg",
    "package_amount": "157 g",
    "subcategory_name": "Sýry - Snacky",
    "subcategory_url": "https://www.rohlik.cz/c300124065-syrove-snacky-a-pro-deti"
  },
  {
    "name": "Veselá kráva Sýr a křup přírodní",
    "price": "19,90 Kč",
    "unit_price": "568.57 Kč/kg",
    "package_amount": "35 g",
    "subcategory_name": "Sýry - Snacky",
    "subcategory_url": "https://www.rohlik.cz/c300124065-syrove-snacky-a-pro-deti"
  },
  {
    "name": "Liptov Hravé korbáčiky",
    "price": "24,90 Kč",
    "unit_price": "754.55 Kč/kg",
    "package_amount": "33 g",
    "subcategory_name": "Sýry - Snacky",
    "subcategory_url": "https://www.rohlik.cz/c300124065-syrove-snacky-a-pro-deti"
  },
  {
    "name": "Kiri Křup tavený sýr a pizza tyčinky",
    "price": "19,90 Kč",
    "unit_price": "568.57 Kč/kg",
    "package_amount": "35 g",
    "subcategory_name": "Sýry - Snacky",
    "subcategory_url": "https://www.rohlik.cz/c300124065-syrove-snacky-a-pro-deti"
  },
  {
    "name": "Veselá kráva Sýr a křup s pizza příchutí",
    "price": "19,90 Kč",
    "unit_price": "568.57 Kč/kg",
    "package_amount": "35 g",
    "subcategory_name": "Sýry - Snacky",
    "subcategory_url": "https://www.rohlik.cz/c300124065-syrove-snacky-a-pro-deti"
  },
  {
    "name": "Gran Moravia Mini snack v síťce",
    "price": "65,90 Kč",
    "unit_price": "659 Kč/kg",
    "package_amount": "100 g",
    "subcategory_name": "Sýry - Snacky",
    "subcategory_url": "https://www.rohlik.cz/c300124065-syrove-snacky-a-pro-deti"
  },
  {
    "name": "Mini Babybel Original 3×20 g",
    "price": "44,90 Kč",
    "unit_price": "748.33 Kč/kg",
    "package_amount": "60 g",
    "subcategory_name": "Sýry - Snacky",
    "subcategory_url": "https://www.rohlik.cz/c300124065-syrove-snacky-a-pro-deti"
  },
  {
    "name": "Mini Babybel Mix",
    "price": "119,90 Kč",
    "unit_price": "666.11 Kč/kg",
    "package_amount": "180 g",
    "subcategory_name": "Sýry - Snacky",
    "subcategory_url": "https://www.rohlik.cz/c300124065-syrove-snacky-a-pro-deti"
  },
  {
    "name": "Deli Q Mix Gouda, mimolette a mini salami",
    "price": "149,90 Kč",
    "unit_price": "749.5 Kč/kg",
    "package_amount": "200 g",
    "subcategory_name": "Sýry - Snacky",
    "subcategory_url": "https://www.rohlik.cz/c300124065-syrove-snacky-a-pro-deti"
  },
  {
    "name": "Parmareggio L'ABC Snack Tavený sýr, tyčinky a ovocný nápoj",
    "price": "35,90 Kč",
    "unit_price": "217.58 Kč/kg",
    "package_amount": "165 g",
    "subcategory_name": "Sýry - Snacky",
    "subcategory_url": "https://www.rohlik.cz/c300124065-syrove-snacky-a-pro-deti"
  },
  {
    "name": "El Pastor Španělské tapas trio",
    "price": "111,90 Kč",
    "unit_price": "746 Kč/kg",
    "package_amount": "150 g",
    "subcategory_name": "Sýry - Snacky",
    "subcategory_url": "https://www.rohlik.cz/c300124065-syrove-snacky-a-pro-deti"
  },
  {
    "name": "Parmareggio L'ABC snack plumcake a ovocná šťáva",
    "price": "54,90 Kč",
    "unit_price": "345.28 Kč/kg",
    "package_amount": "159 g",
    "subcategory_name": "Sýry - Snacky",
    "subcategory_url": "https://www.rohlik.cz/c300124065-syrove-snacky-a-pro-deti"
  },
  {
    "name": "Parmareggio L'ABC Maxi Snack Parmazán, citrónový čaj a krekry",
    "price": "54,90 Kč",
    "unit_price": "219.6 Kč/kg",
    "package_amount": "250 g",
    "subcategory_name": "Sýry - Snacky",
    "subcategory_url": "https://www.rohlik.cz/c300124065-syrove-snacky-a-pro-deti"
  },
  {
    "name": "Deli Q Mix Sýr red cheddar, kozí sýr a mini salami",
    "price": "139,90 Kč",
    "unit_price": "699.5 Kč/kg",
    "package_amount": "200 g",
    "subcategory_name": "Sýry - Snacky",
    "subcategory_url": "https://www.rohlik.cz/c300124065-syrove-snacky-a-pro-deti"
  },
  {
    "name": "Parmareggio Proteinový snack",
    "price": "59,90 Kč",
    "unit_price": "1426.19 Kč/kg",
    "package_amount": "42 g",
    "subcategory_name": "Sýry - Snacky",
    "subcategory_url": "https://www.rohlik.cz/c300124065-syrove-snacky-a-pro-deti"
  },
  {
    "name": "Rohlik.cz Degustační balíček sýrů Gouda",
    "price": "592,90 Kč",
    "unit_price": "1185.8 Kč/kg",
    "package_amount": "500 g",
    "subcategory_name": "Sýry - Snacky",
    "subcategory_url": "https://www.rohlik.cz/c300124065-syrove-snacky-a-pro-deti"
  },
  {
    "name": "Rohlik.cz Degustační balíček pro milovníky sýrů",
    "price": "749 Kč",
    "unit_price": "1070 Kč/kg",
    "package_amount": "0,7 kg",
    "subcategory_name": "Sýry - Snacky",
    "subcategory_url": "https://www.rohlik.cz/c300124065-syrove-snacky-a-pro-deti"
  },
  {
    "name": "Gran Moravia Mini snacks 32%",
    "price": "82,90 Kč",
    "unit_price": "829 Kč/kg",
    "package_amount": "100 g",
    "subcategory_name": "Sýry - Snacky",
    "subcategory_url": "https://www.rohlik.cz/c300124065-syrove-snacky-a-pro-deti"
  },
  {
    "name": "Rohlik.cz Sýrový box Raclette",
    "price": "499 Kč",
    "unit_price": "907.27 Kč/kg",
    "package_amount": "0,55 kg",
    "subcategory_name": "Sýry - Snacky",
    "subcategory_url": "https://www.rohlik.cz/c300124065-syrove-snacky-a-pro-deti"
  },
  {
    "name": "Rohlik.cz Sýrový box Fondue",
    "price": "499 Kč",
    "unit_price": "907.27 Kč/kg",
    "package_amount": "0,55 kg",
    "subcategory_name": "Sýry - Snacky",
    "subcategory_url": "https://www.rohlik.cz/c300124065-syrove-snacky-a-pro-deti"
  },
  {
    "name": "Mini Babybel Protein",
    "price": "44,90 Kč",
    "unit_price": "748.33 Kč/kg",
    "package_amount": "60 g",
    "subcategory_name": "Sýry - Snacky",
    "subcategory_url": "https://www.rohlik.cz/c300124065-syrove-snacky-a-pro-deti"
  },
  {
    "name": "Hellmann's Majonéza",
    "price": "114,90 Kč",
    "unit_price": "229.8 Kč/l",
    "package_amount": "500 ml",
    "subcategory_name": "Majonézy",
    "subcategory_url": "https://www.rohlik.cz/c300105060-majonezy"
  },
  {
    "name": "Spak Majonéza",
    "price": "13,90 Kč",
    "unit_price": "139 Kč/l",
    "package_amount": "100 ml",
    "subcategory_name": "Majonézy",
    "subcategory_url": "https://www.rohlik.cz/c300105060-majonezy"
  },
  {
    "name": "Agricol Poličanka majonéza",
    "price": "32,90 Kč",
    "unit_price": "131.6 Kč/kg",
    "package_amount": "250 g",
    "subcategory_name": "Majonézy",
    "subcategory_url": "https://www.rohlik.cz/c300105060-majonezy"
  },
  {
    "name": "Hellmann's Majonéza Original",
    "price": "49,90 Kč",
    "unit_price": "237.62 Kč/l",
    "package_amount": "210 ml",
    "subcategory_name": "Majonézy",
    "subcategory_url": "https://www.rohlik.cz/c300105060-majonezy"
  },
  {
    "name": "Heinz Majonéza Seriously Good",
    "price": "69,90 Kč",
    "unit_price": "174.75 Kč/l",
    "package_amount": "400 ml",
    "subcategory_name": "Majonézy",
    "subcategory_url": "https://www.rohlik.cz/c300105060-majonezy"
  },
  {
    "name": "Hellmann's Majonéza Original",
    "price": "114,90 Kč",
    "unit_price": "183.84 Kč/l",
    "package_amount": "0,625 l",
    "subcategory_name": "Majonézy",
    "subcategory_url": "https://www.rohlik.cz/c300105060-majonezy"
  },
  {
    "name": "Hellmann's Yofresh",
    "price": "98,90 Kč",
    "unit_price": "244.2 Kč/l",
    "package_amount": "405 ml",
    "subcategory_name": "Majonézy",
    "subcategory_url": "https://www.rohlik.cz/c300105060-majonezy"
  },
  {
    "name": "Hellmann's Majonéza Original",
    "price": "99,90 Kč",
    "unit_price": "246.67 Kč/l",
    "package_amount": "405 ml",
    "subcategory_name": "Majonézy",
    "subcategory_url": "https://www.rohlik.cz/c300105060-majonezy"
  },
  {
    "name": "Spak Mayo 50% vegan",
    "price": "56,90 Kč",
    "unit_price": "227.6 Kč/l",
    "package_amount": "250 ml",
    "subcategory_name": "Majonézy",
    "subcategory_url": "https://www.rohlik.cz/c300105060-majonezy"
  },
  {
    "name": "Kewpie Majonéza v japonském stylu",
    "price": "149,90 Kč",
    "unit_price": "422.25 Kč/l",
    "package_amount": "355 ml",
    "subcategory_name": "Majonézy",
    "subcategory_url": "https://www.rohlik.cz/c300105060-majonezy"
  },
  {
    "name": "Hellmann's Plant based Mayo omáčka bez vajec",
    "price": "89,90 Kč",
    "unit_price": "264.41 Kč/l",
    "package_amount": "340 ml",
    "subcategory_name": "Majonézy",
    "subcategory_url": "https://www.rohlik.cz/c300105060-majonezy"
  },
  {
    "name": "Vitana Poctivá majonéza",
    "price": "48,90 Kč",
    "unit_price": "217.33 Kč/l",
    "package_amount": "225 ml",
    "subcategory_name": "Majonézy",
    "subcategory_url": "https://www.rohlik.cz/c300105060-majonezy"
  },
  {
    "name": "Hellmann's Majonéza delikátní",
    "price": "109,90 Kč",
    "unit_price": "271.36 Kč/l",
    "package_amount": "405 ml",
    "subcategory_name": "Majonézy",
    "subcategory_url": "https://www.rohlik.cz/c300105060-majonezy"
  },
  {
    "name": "Spak Majonéza",
    "price": "72,90 Kč",
    "unit_price": "145.8 Kč/l",
    "package_amount": "500 ml",
    "subcategory_name": "Majonézy",
    "subcategory_url": "https://www.rohlik.cz/c300105060-majonezy"
  },
  {
    "name": "Kewpie Japonská majonéza",
    "price": "204,40 Kč",
    "unit_price": "454.22 Kč/kg",
    "package_amount": "450 g",
    "subcategory_name": "Majonézy",
    "subcategory_url": "https://www.rohlik.cz/c300105060-majonezy"
  },
  {
    "name": "Marks & Spencer Majonéza s příchutí pečených červených chilli papriček",
    "price": "99,90 Kč",
    "unit_price": "356.79 Kč/l",
    "package_amount": "280 ml",
    "subcategory_name": "Majonézy",
    "subcategory_url": "https://www.rohlik.cz/c300105060-majonezy"
  },
  {
    "name": "Heinz Mayochup",
    "price": "99,90 Kč",
    "unit_price": "240.72 Kč/l",
    "package_amount": "415 ml",
    "subcategory_name": "Majonézy",
    "subcategory_url": "https://www.rohlik.cz/c300105060-majonezy"
  },
  {
    "name": "Heinz Majonéza Seriously good",
    "price": "102,10 Kč",
    "unit_price": "212.71 Kč/l",
    "package_amount": "480 ml",
    "subcategory_name": "Majonézy",
    "subcategory_url": "https://www.rohlik.cz/c300105060-majonezy"
  },
  {
    "name": "Spak Lanýžová majonéza",
    "price": "84,90 Kč",
    "unit_price": "471.67 Kč/l",
    "package_amount": "180 ml",
    "subcategory_name": "Majonézy",
    "subcategory_url": "https://www.rohlik.cz/c300105060-majonezy"
  },
  {
    "name": "Alnatura BIO Veganská omáčka mayo",
    "price": "74,90 Kč",
    "unit_price": "299.6 Kč/kg",
    "package_amount": "250 g",
    "subcategory_name": "Majonézy",
    "subcategory_url": "https://www.rohlik.cz/c300105060-majonezy"
  },
  {
    "name": "Heinz Pikantní veganská majonéza sriracha",
    "price": "97,90 Kč",
    "unit_price": "244.75 Kč/kg",
    "package_amount": "400 g",
    "subcategory_name": "Majonézy",
    "subcategory_url": "https://www.rohlik.cz/c300105060-majonezy"
  },
  {
    "name": "Heinz Majonéza s hořčicí",
    "price": "97,90 Kč",
    "unit_price": "244.75 Kč/kg",
    "package_amount": "400 g",
    "subcategory_name": "Majonézy",
    "subcategory_url": "https://www.rohlik.cz/c300105060-majonezy"
  },
  {
    "name": "Spak Mayo vegan česnek",
    "price": "59,90 Kč",
    "unit_price": "239.6 Kč/l",
    "package_amount": "250 ml",
    "subcategory_name": "Majonézy",
    "subcategory_url": "https://www.rohlik.cz/c300105060-majonezy"
  },
  {
    "name": "Marks & Spencer Majonéza s pečeným česnekem",
    "price": "99,90 Kč",
    "unit_price": "356.79 Kč/l",
    "package_amount": "280 ml",
    "subcategory_name": "Majonézy",
    "subcategory_url": "https://www.rohlik.cz/c300105060-majonezy"
  },
  {
    "name": "Marks & Spencer Salátová majonéza",
    "price": "89,90 Kč",
    "unit_price": "204.32 Kč/kg",
    "package_amount": "440 g",
    "subcategory_name": "Majonézy",
    "subcategory_url": "https://www.rohlik.cz/c300105060-majonezy"
  },
  {
    "name": "La Grande Épicerie Majonéza s černým lanýžem",
    "price": "299,90 Kč",
    "unit_price": "1666.11 Kč/kg",
    "package_amount": "180 g",
    "subcategory_name": "Majonézy",
    "subcategory_url": "https://www.rohlik.cz/c300105060-majonezy"
  },
  {
    "name": "Spak Mayo vegan curry",
    "price": "59,90 Kč",
    "unit_price": "239.6 Kč/l",
    "package_amount": "250 ml",
    "subcategory_name": "Majonézy",
    "subcategory_url": "https://www.rohlik.cz/c300105060-majonezy"
  },
  {
    "name": "Marks & Spencer Veganská majonéza",
    "price": "99,90 Kč",
    "unit_price": "399.6 Kč/kg",
    "package_amount": "250 g",
    "subcategory_name": "Majonézy",
    "subcategory_url": "https://www.rohlik.cz/c300105060-majonezy"
  },
  {
    "name": "Marks & Spencer Majonéza se sníženým obsahem tuku",
    "price": "79,90 Kč",
    "unit_price": "159.8 Kč/l",
    "package_amount": "500 ml",
    "subcategory_name": "Majonézy",
    "subcategory_url": "https://www.rohlik.cz/c300105060-majonezy"
  },
  {
    "name": "Bornibus pikantní majonéza s příchutí wasabi",
    "price": "184,90 Kč",
    "unit_price": "840.45 Kč/kg",
    "package_amount": "220 g",
    "subcategory_name": "Majonézy",
    "subcategory_url": "https://www.rohlik.cz/c300105060-majonezy"
  },
  {
    "name": "Marks & Spencer Majonéza vyrobená z pasterizovaných vajec z volného chovu a řepkového oleje",
    "price": "89,90 Kč",
    "unit_price": "179.8 Kč/l",
    "package_amount": "500 ml",
    "subcategory_name": "Majonézy",
    "subcategory_url": "https://www.rohlik.cz/c300105060-majonezy"
  },
  {
    "name": "Hellmann's Tatarská omáčka",
    "price": "74,90 Kč",
    "unit_price": "299.6 Kč/l",
    "package_amount": "250 ml",
    "subcategory_name": "Dresingy",
    "subcategory_url": "https://www.rohlik.cz/c300105061-salatove-dresingy"
  },
  {
    "name": "Hellmann´s Omáčka se sýrem čedar",
    "price": "73,90 Kč",
    "unit_price": "295.6 Kč/l",
    "package_amount": "250 ml",
    "subcategory_name": "Dresingy",
    "subcategory_url": "https://www.rohlik.cz/c300105061-salatove-dresingy"
  },
  {
    "name": "Hellmann's Dresink Caesar",
    "price": "74,90 Kč",
    "unit_price": "299.6 Kč/l",
    "package_amount": "250 ml",
    "subcategory_name": "Dresingy",
    "subcategory_url": "https://www.rohlik.cz/c300105061-salatove-dresingy"
  },
  {
    "name": "Optimahl cleanline Caesar dresink",
    "price": "35,90 Kč",
    "unit_price": "448.75 Kč/l",
    "package_amount": "80 ml",
    "subcategory_name": "Dresingy",
    "subcategory_url": "https://www.rohlik.cz/c300105061-salatove-dresingy"
  },
  {
    "name": "Spak Bylinkový dressing s jogurtem",
    "price": "70,90 Kč",
    "unit_price": "283.6 Kč/l",
    "package_amount": "250 ml",
    "subcategory_name": "Dresingy",
    "subcategory_url": "https://www.rohlik.cz/c300105061-salatove-dresingy"
  },
  {
    "name": "Thomy Francouzský dresink",
    "price": "71,90 Kč",
    "unit_price": "198.07 Kč/l",
    "package_amount": "363 ml",
    "subcategory_name": "Dresingy",
    "subcategory_url": "https://www.rohlik.cz/c300105061-salatove-dresingy"
  },
  {
    "name": "Hellmann's Dresink medovohořčicový",
    "price": "74,90 Kč",
    "unit_price": "299.6 Kč/l",
    "package_amount": "250 ml",
    "subcategory_name": "Dresingy",
    "subcategory_url": "https://www.rohlik.cz/c300105061-salatove-dresingy"
  },
  {
    "name": "Hellmann's Omáčka sweet chilli samba",
    "price": "74,90 Kč",
    "unit_price": "299.6 Kč/l",
    "package_amount": "250 ml",
    "subcategory_name": "Dresingy",
    "subcategory_url": "https://www.rohlik.cz/c300105061-salatove-dresingy"
  },
  {
    "name": "Hellmann's Omáčka k masu tzatziky",
    "price": "73,90 Kč",
    "unit_price": "295.6 Kč/l",
    "package_amount": "250 ml",
    "subcategory_name": "Dresingy",
    "subcategory_url": "https://www.rohlik.cz/c300105061-salatove-dresingy"
  },
  {
    "name": "Spak Dressing 1000 ostrovů",
    "price": "70,90 Kč",
    "unit_price": "283.6 Kč/l",
    "package_amount": "250 ml",
    "subcategory_name": "Dresingy",
    "subcategory_url": "https://www.rohlik.cz/c300105061-salatove-dresingy"
  },
  {
    "name": "Hellmann's Avokádo & Limeta omáčka",
    "price": "73,90 Kč",
    "unit_price": "295.6 Kč/l",
    "package_amount": "250 ml",
    "subcategory_name": "Dresingy",
    "subcategory_url": "https://www.rohlik.cz/c300105061-salatove-dresingy"
  },
  {
    "name": "Hellmann’s Extra chilli sauce",
    "price": "74,90 Kč",
    "unit_price": "304.47 Kč/l",
    "package_amount": "246 ml",
    "subcategory_name": "Dresingy",
    "subcategory_url": "https://www.rohlik.cz/c300105061-salatove-dresingy"
  },
  {
    "name": "Spak Americký dressing s jogurtem",
    "price": "70,90 Kč",
    "unit_price": "283.6 Kč/l",
    "package_amount": "250 ml",
    "subcategory_name": "Dresingy",
    "subcategory_url": "https://www.rohlik.cz/c300105061-salatove-dresingy"
  },
  {
    "name": "Marks & Spencer Krémový Caesar dresink se sýrem Parmigiano Reggiano",
    "price": "99,90 Kč",
    "unit_price": "425.11 Kč/l",
    "package_amount": "235 ml",
    "subcategory_name": "Dresingy",
    "subcategory_url": "https://www.rohlik.cz/c300105061-salatove-dresingy"
  },
  {
    "name": "Spak Francouzský dressing s jogurtem",
    "price": "70,90 Kč",
    "unit_price": "283.6 Kč/l",
    "package_amount": "250 ml",
    "subcategory_name": "Dresingy",
    "subcategory_url": "https://www.rohlik.cz/c300105061-salatove-dresingy"
  },
  {
    "name": "Thomy Dresink s fíky a hořčicí",
    "price": "74,90 Kč",
    "unit_price": "206.91 Kč/l",
    "package_amount": "362 ml",
    "subcategory_name": "Dresingy",
    "subcategory_url": "https://www.rohlik.cz/c300105061-salatove-dresingy"
  },
  {
    "name": "Hellmann's Dresink francouzský",
    "price": "74,90 Kč",
    "unit_price": "299.6 Kč/l",
    "package_amount": "250 ml",
    "subcategory_name": "Dresingy",
    "subcategory_url": "https://www.rohlik.cz/c300105061-salatove-dresingy"
  },
  {
    "name": "Hellmann's Tatarská omáčka",
    "price": "74,90 Kč",
    "unit_price": "299.6 Kč/l",
    "package_amount": "250 ml",
    "subcategory_name": "Tatarské omáčky",
    "subcategory_url": "https://www.rohlik.cz/c300105061-salatove-dresingy"
  },
  {
    "name": "Hellmann´s Omáčka se sýrem čedar",
    "price": "73,90 Kč",
    "unit_price": "295.6 Kč/l",
    "package_amount": "250 ml",
    "subcategory_name": "Tatarské omáčky",
    "subcategory_url": "https://www.rohlik.cz/c300105061-salatove-dresingy"
  },
  {
    "name": "Hellmann's Dresink Caesar",
    "price": "74,90 Kč",
    "unit_price": "299.6 Kč/l",
    "package_amount": "250 ml",
    "subcategory_name": "Tatarské omáčky",
    "subcategory_url": "https://www.rohlik.cz/c300105061-salatove-dresingy"
  },
  {
    "name": "Spak Bylinkový dressing s jogurtem",
    "price": "70,90 Kč",
    "unit_price": "283.6 Kč/l",
    "package_amount": "250 ml",
    "subcategory_name": "Tatarské omáčky",
    "subcategory_url": "https://www.rohlik.cz/c300105061-salatove-dresingy"
  },
  {
    "name": "Optimahl cleanline Caesar dresink",
    "price": "35,90 Kč",
    "unit_price": "448.75 Kč/l",
    "package_amount": "80 ml",
    "subcategory_name": "Tatarské omáčky",
    "subcategory_url": "https://www.rohlik.cz/c300105061-salatove-dresingy"
  },
  {
    "name": "Thomy Francouzský dresink",
    "price": "71,90 Kč",
    "unit_price": "198.07 Kč/l",
    "package_amount": "363 ml",
    "subcategory_name": "Tatarské omáčky",
    "subcategory_url": "https://www.rohlik.cz/c300105061-salatove-dresingy"
  },
  {
    "name": "Hellmann's Dresink medovohořčicový",
    "price": "74,90 Kč",
    "unit_price": "299.6 Kč/l",
    "package_amount": "250 ml",
    "subcategory_name": "Tatarské omáčky",
    "subcategory_url": "https://www.rohlik.cz/c300105061-salatove-dresingy"
  },
  {
    "name": "Hellmann's Omáčka sweet chilli samba",
    "price": "74,90 Kč",
    "unit_price": "299.6 Kč/l",
    "package_amount": "250 ml",
    "subcategory_name": "Tatarské omáčky",
    "subcategory_url": "https://www.rohlik.cz/c300105061-salatove-dresingy"
  },
  {
    "name": "Hellmann's Omáčka k masu tzatziky",
    "price": "73,90 Kč",
    "unit_price": "295.6 Kč/l",
    "package_amount": "250 ml",
    "subcategory_name": "Tatarské omáčky",
    "subcategory_url": "https://www.rohlik.cz/c300105061-salatove-dresingy"
  },
  {
    "name": "Spak Dressing 1000 ostrovů",
    "price": "70,90 Kč",
    "unit_price": "283.6 Kč/l",
    "package_amount": "250 ml",
    "subcategory_name": "Tatarské omáčky",
    "subcategory_url": "https://www.rohlik.cz/c300105061-salatove-dresingy"
  },
  {
    "name": "Hellmann's Avokádo & Limeta omáčka",
    "price": "73,90 Kč",
    "unit_price": "295.6 Kč/l",
    "package_amount": "250 ml",
    "subcategory_name": "Tatarské omáčky",
    "subcategory_url": "https://www.rohlik.cz/c300105061-salatove-dresingy"
  },
  {
    "name": "Hellmann’s Extra chilli sauce",
    "price": "74,90 Kč",
    "unit_price": "304.47 Kč/l",
    "package_amount": "246 ml",
    "subcategory_name": "Tatarské omáčky",
    "subcategory_url": "https://www.rohlik.cz/c300105061-salatove-dresingy"
  },
  {
    "name": "Spak Americký dressing s jogurtem",
    "price": "70,90 Kč",
    "unit_price": "283.6 Kč/l",
    "package_amount": "250 ml",
    "subcategory_name": "Tatarské omáčky",
    "subcategory_url": "https://www.rohlik.cz/c300105061-salatove-dresingy"
  },
  {
    "name": "Marks & Spencer Krémový Caesar dresink se sýrem Parmigiano Reggiano",
    "price": "99,90 Kč",
    "unit_price": "425.11 Kč/l",
    "package_amount": "235 ml",
    "subcategory_name": "Tatarské omáčky",
    "subcategory_url": "https://www.rohlik.cz/c300105061-salatove-dresingy"
  },
  {
    "name": "Spak Francouzský dressing s jogurtem",
    "price": "70,90 Kč",
    "unit_price": "283.6 Kč/l",
    "package_amount": "250 ml",
    "subcategory_name": "Tatarské omáčky",
    "subcategory_url": "https://www.rohlik.cz/c300105061-salatove-dresingy"
  },
  {
    "name": "Thomy Dresink s fíky a hořčicí",
    "price": "74,90 Kč",
    "unit_price": "206.91 Kč/l",
    "package_amount": "362 ml",
    "subcategory_name": "Tatarské omáčky",
    "subcategory_url": "https://www.rohlik.cz/c300105061-salatove-dresingy"
  },
  {
    "name": "Hellmann's Dresink francouzský",
    "price": "74,90 Kč",
    "unit_price": "299.6 Kč/l",
    "package_amount": "250 ml",
    "subcategory_name": "Tatarské omáčky",
    "subcategory_url": "https://www.rohlik.cz/c300105061-salatove-dresingy"
  },
  {
    "name": "Miil Smetanový jogurt meruňkový",
    "price": "12,90 Kč",
    "unit_price": "86 Kč/kg",
    "package_amount": "150 g",
    "subcategory_name": "Jogurty - Ochucené",
    "subcategory_url": "https://www.rohlik.cz/c300105010-ochucene"
  },
  {
    "name": "Miil Smetanový jogurt stracciatella",
    "price": "12,90 Kč",
    "unit_price": "86 Kč/kg",
    "package_amount": "150 g",
    "subcategory_name": "Jogurty - Ochucené",
    "subcategory_url": "https://www.rohlik.cz/c300105010-ochucene"
  },
  {
    "name": "Miil Smetanový jogurt jahodový",
    "price": "12,90 Kč",
    "unit_price": "86 Kč/kg",
    "package_amount": "150 g",
    "subcategory_name": "Jogurty - Ochucené",
    "subcategory_url": "https://www.rohlik.cz/c300105010-ochucene"
  },
  {
    "name": "Müller Mix Vanilkový jogurt s čokoládovými kuličkami",
    "price": "21,90 Kč",
    "unit_price": "168.46 Kč/kg",
    "package_amount": "130 g",
    "subcategory_name": "Jogurty - Ochucené",
    "subcategory_url": "https://www.rohlik.cz/c300105010-ochucene"
  },
  {
    "name": "Miil Krémový jogurt jahodový",
    "price": "10,90 Kč",
    "unit_price": "72.67 Kč/kg",
    "package_amount": "150 g",
    "subcategory_name": "Jogurty - Ochucené",
    "subcategory_url": "https://www.rohlik.cz/c300105010-ochucene"
  },
  {
    "name": "Pribináček Kapsík vanilka",
    "price": "19,90 Kč",
    "unit_price": "284.29 Kč/kg",
    "package_amount": "70 g",
    "subcategory_name": "Jogurty - Ochucené",
    "subcategory_url": "https://www.rohlik.cz/c300105010-ochucene"
  },
  {
    "name": "Kostíci Barvíci jogurt vanilkový",
    "price": "21,90 Kč",
    "unit_price": "200.92 Kč/kg",
    "package_amount": "109 g",
    "subcategory_name": "Jogurty - Ochucené",
    "subcategory_url": "https://www.rohlik.cz/c300105010-ochucene"
  },
  {
    "name": "Miil Krémový jogurt borůvkový",
    "price": "10,90 Kč",
    "unit_price": "72.67 Kč/kg",
    "package_amount": "150 g",
    "subcategory_name": "Jogurty - Ochucené",
    "subcategory_url": "https://www.rohlik.cz/c300105010-ochucene"
  },
  {
    "name": "Miil Smetanový jogurt višňový",
    "price": "12,90 Kč",
    "unit_price": "86 Kč/kg",
    "package_amount": "150 g",
    "subcategory_name": "Jogurty - Ochucené",
    "subcategory_url": "https://www.rohlik.cz/c300105010-ochucene"
  },
  {
    "name": "Miil Krémový jogurt lesní směs",
    "price": "10,90 Kč",
    "unit_price": "72.67 Kč/kg",
    "package_amount": "150 g",
    "subcategory_name": "Jogurty - Ochucené",
    "subcategory_url": "https://www.rohlik.cz/c300105010-ochucene"
  },
  {
    "name": "Activia Probiotický jogurt cereální snídaně červené ovoce",
    "price": "34,90 Kč",
    "unit_price": "205.29 Kč/kg",
    "package_amount": "170 g",
    "subcategory_name": "Jogurty - Ochucené",
    "subcategory_url": "https://www.rohlik.cz/c300105010-ochucene"
  },
  {
    "name": "Mlékárna Kunín Sametový jogurt jahoda",
    "price": "16,50 Kč",
    "unit_price": "110 Kč/kg",
    "package_amount": "150 g",
    "subcategory_name": "Jogurty - Ochucené",
    "subcategory_url": "https://www.rohlik.cz/c300105010-ochucene"
  },
  {
    "name": "Pribináček Kapsík kakao",
    "price": "19,90 Kč",
    "unit_price": "284.29 Kč/kg",
    "package_amount": "70 g",
    "subcategory_name": "Jogurty - Ochucené",
    "subcategory_url": "https://www.rohlik.cz/c300105010-ochucene"
  },
  {
    "name": "Activia Probiotický jogurt cereální snídaně jablko",
    "price": "34,90 Kč",
    "unit_price": "205.29 Kč/kg",
    "package_amount": "170 g",
    "subcategory_name": "Jogurty - Ochucené",
    "subcategory_url": "https://www.rohlik.cz/c300105010-ochucene"
  },
  {
    "name": "Hollandia Krémový jogurt černá třešeň",
    "price": "15,90 Kč",
    "unit_price": "106 Kč/kg",
    "package_amount": "150 g",
    "subcategory_name": "Jogurty - Ochucené",
    "subcategory_url": "https://www.rohlik.cz/c300105010-ochucene"
  },
  {
    "name": "Pribináček Kapsík jahoda",
    "price": "19,90 Kč",
    "unit_price": "284.29 Kč/kg",
    "package_amount": "70 g",
    "subcategory_name": "Jogurty - Ochucené",
    "subcategory_url": "https://www.rohlik.cz/c300105010-ochucene"
  },
  {
    "name": "Mlékárna Kunín Sametový jogurt malina, ostružina",
    "price": "16,50 Kč",
    "unit_price": "110 Kč/kg",
    "package_amount": "150 g",
    "subcategory_name": "Jogurty - Ochucené",
    "subcategory_url": "https://www.rohlik.cz/c300105010-ochucene"
  },
  {
    "name": "Mlékárna Kunín Sametový jogurt čokoládový",
    "price": "16,50 Kč",
    "unit_price": "110 Kč/kg",
    "package_amount": "150 g",
    "subcategory_name": "Jogurty - Ochucené",
    "subcategory_url": "https://www.rohlik.cz/c300105010-ochucene"
  },
  {
    "name": "Müller Mix Jogurt Chantilly s čokoládovými oplatkami",
    "price": "21,90 Kč",
    "unit_price": "168.46 Kč/kg",
    "package_amount": "130 g",
    "subcategory_name": "Jogurty - Ochucené",
    "subcategory_url": "https://www.rohlik.cz/c300105010-ochucene"
  },
  {
    "name": "Hollandia Selský jogurt čokoláda",
    "price": "19,90 Kč",
    "unit_price": "99.5 Kč/kg",
    "package_amount": "200 g",
    "subcategory_name": "Jogurty - Ochucené",
    "subcategory_url": "https://www.rohlik.cz/c300105010-ochucene"
  },
  {
    "name": "Hollandia Krémový jogurt čokoláda",
    "price": "15,90 Kč",
    "unit_price": "106 Kč/kg",
    "package_amount": "150 g",
    "subcategory_name": "Jogurty - Ochucené",
    "subcategory_url": "https://www.rohlik.cz/c300105010-ochucene"
  },
  {
    "name": "Olma Florian smetanový jogurt stracciatella",
    "price": "17,90 Kč",
    "unit_price": "119.33 Kč/kg",
    "package_amount": "150 g",
    "subcategory_name": "Jogurty - Ochucené",
    "subcategory_url": "https://www.rohlik.cz/c300105010-ochucene"
  },
  {
    "name": "Milko Můj Skyr 0 % mango",
    "price": "21,90 Kč",
    "unit_price": "168.46 Kč/kg",
    "package_amount": "130 g",
    "subcategory_name": "Jogurty - Ochucené",
    "subcategory_url": "https://www.rohlik.cz/c300105010-ochucene"
  },
  {
    "name": "Müller Mix Jogurt macadamie s čokoládovými hvězdičkami",
    "price": "21,90 Kč",
    "unit_price": "168.46 Kč/kg",
    "package_amount": "130 g",
    "subcategory_name": "Jogurty - Ochucené",
    "subcategory_url": "https://www.rohlik.cz/c300105010-ochucene"
  },
  {
    "name": "Milko Můj Skyr 0 % vanilka",
    "price": "21,90 Kč",
    "unit_price": "168.46 Kč/kg",
    "package_amount": "130 g",
    "subcategory_name": "Jogurty - Ochucené",
    "subcategory_url": "https://www.rohlik.cz/c300105010-ochucene"
  },
  {
    "name": "Hollandia Selský jogurt jahoda",
    "price": "19,90 Kč",
    "unit_price": "99.5 Kč/kg",
    "package_amount": "200 g",
    "subcategory_name": "Jogurty - Ochucené",
    "subcategory_url": "https://www.rohlik.cz/c300105010-ochucene"
  },
  {
    "name": "Fantasia Jogurt s mléčnou čokoládou",
    "price": "22,90 Kč",
    "unit_price": "216.04 Kč/kg",
    "package_amount": "106 g",
    "subcategory_name": "Jogurty - Ochucené",
    "subcategory_url": "https://www.rohlik.cz/c300105010-ochucene"
  },
  {
    "name": "Milko Můj Skyr 0 % kokos",
    "price": "21,90 Kč",
    "unit_price": "168.46 Kč/kg",
    "package_amount": "130 g",
    "subcategory_name": "Jogurty - Ochucené",
    "subcategory_url": "https://www.rohlik.cz/c300105010-ochucene"
  },
  {
    "name": "Agrola Jogurt jahoda",
    "price": "27,90 Kč",
    "unit_price": "139.5 Kč/kg",
    "package_amount": "200 g",
    "subcategory_name": "Jogurty - Ochucené",
    "subcategory_url": "https://www.rohlik.cz/c300105010-ochucene"
  },
  {
    "name": "Mlékárna Kunín Sametový jogurt borůvka",
    "price": "16,50 Kč",
    "unit_price": "110 Kč/kg",
    "package_amount": "150 g",
    "subcategory_name": "Jogurty - Ochucené",
    "subcategory_url": "https://www.rohlik.cz/c300105010-ochucene"
  },
  {
    "name": "Pappudia Jogurt s mangem bez přidaného cukru",
    "price": "63,90 Kč",
    "unit_price": "319.5 Kč/kg",
    "package_amount": "200 g",
    "subcategory_name": "Jogurty - Ochucené",
    "subcategory_url": "https://www.rohlik.cz/c300105010-ochucene"
  },
  {
    "name": "Milko Super jogurt čokoláda",
    "price": "21,90 Kč",
    "unit_price": "146 Kč/kg",
    "package_amount": "150 g",
    "subcategory_name": "Jogurty - Ochucené",
    "subcategory_url": "https://www.rohlik.cz/c300105010-ochucene"
  },
  {
    "name": "Olma Florian smetanový jogurt jahoda",
    "price": "17,90 Kč",
    "unit_price": "119.33 Kč/kg",
    "package_amount": "150 g",
    "subcategory_name": "Jogurty - Ochucené",
    "subcategory_url": "https://www.rohlik.cz/c300105010-ochucene"
  },
  {
    "name": "Activia Probiotický jogurt bílý s granolou s chia semínky a malinami",
    "price": "34,90 Kč",
    "unit_price": "205.29 Kč/kg",
    "package_amount": "170 g",
    "subcategory_name": "Jogurty - Ochucené",
    "subcategory_url": "https://www.rohlik.cz/c300105010-ochucene"
  },
  {
    "name": "Hollandia Krémový jogurt meruňka",
    "price": "15,90 Kč",
    "unit_price": "106 Kč/kg",
    "package_amount": "150 g",
    "subcategory_name": "Jogurty - Ochucené",
    "subcategory_url": "https://www.rohlik.cz/c300105010-ochucene"
  },
  {
    "name": "Mlékárna Kunín Sametový jogurt vanilka",
    "price": "16,50 Kč",
    "unit_price": "110 Kč/kg",
    "package_amount": "150 g",
    "subcategory_name": "Jogurty - Ochucené",
    "subcategory_url": "https://www.rohlik.cz/c300105010-ochucene"
  },
  {
    "name": "Olma Florian smetanový jogurt lískový oříšek",
    "price": "17,90 Kč",
    "unit_price": "119.33 Kč/kg",
    "package_amount": "150 g",
    "subcategory_name": "Jogurty - Ochucené",
    "subcategory_url": "https://www.rohlik.cz/c300105010-ochucene"
  },
  {
    "name": "Hollandia Selský jogurt malina",
    "price": "19,90 Kč",
    "unit_price": "99.5 Kč/kg",
    "package_amount": "200 g",
    "subcategory_name": "Jogurty - Ochucené",
    "subcategory_url": "https://www.rohlik.cz/c300105010-ochucene"
  },
  {
    "name": "Olma Florian smetanový jogurt chocoballs",
    "price": "17,90 Kč",
    "unit_price": "119.33 Kč/kg",
    "package_amount": "150 g",
    "subcategory_name": "Jogurty - Ochucené",
    "subcategory_url": "https://www.rohlik.cz/c300105010-ochucene"
  },
  {
    "name": "Müller Mix Krémový jogurt s jahodami",
    "price": "21,90 Kč",
    "unit_price": "168.46 Kč/kg",
    "package_amount": "130 g",
    "subcategory_name": "Jogurty - Ochucené",
    "subcategory_url": "https://www.rohlik.cz/c300105010-ochucene"
  },
  {
    "name": "Activia Probiotický jogurt višeň",
    "price": "18,90 Kč",
    "unit_price": "157.5 Kč/kg",
    "package_amount": "120 g",
    "subcategory_name": "Jogurty - Ochucené",
    "subcategory_url": "https://www.rohlik.cz/c300105010-ochucene"
  },
  {
    "name": "Olma Protein jogurt meruňka",
    "price": "20,90 Kč",
    "unit_price": "139.33 Kč/kg",
    "package_amount": "150 g",
    "subcategory_name": "Jogurty - Ochucené",
    "subcategory_url": "https://www.rohlik.cz/c300105010-ochucene"
  },
  {
    "name": "Agrola Jogurt meruňka",
    "price": "27,90 Kč",
    "unit_price": "139.5 Kč/kg",
    "package_amount": "200 g",
    "subcategory_name": "Jogurty - Ochucené",
    "subcategory_url": "https://www.rohlik.cz/c300105010-ochucene"
  },
  {
    "name": "Olma Florian smetanový jogurt meruňka",
    "price": "17,90 Kč",
    "unit_price": "119.33 Kč/kg",
    "package_amount": "150 g",
    "subcategory_name": "Jogurty - Ochucené",
    "subcategory_url": "https://www.rohlik.cz/c300105010-ochucene"
  },
  {
    "name": "Miil BIO Jogurt jahodový",
    "price": "14,90 Kč",
    "unit_price": "99.33 Kč/kg",
    "package_amount": "150 g",
    "subcategory_name": "Jogurty - Ochucené",
    "subcategory_url": "https://www.rohlik.cz/c300105010-ochucene"
  },
  {
    "name": "Milko Řecký jogurt 0 % vanilka",
    "price": "21,90 Kč",
    "unit_price": "156.43 Kč/kg",
    "package_amount": "140 g",
    "subcategory_name": "Jogurty - Ochucené",
    "subcategory_url": "https://www.rohlik.cz/c300105010-ochucene"
  },
  {
    "name": "Hollandia Krémový jogurt jahoda",
    "price": "15,90 Kč",
    "unit_price": "106 Kč/kg",
    "package_amount": "150 g",
    "subcategory_name": "Jogurty - Ochucené",
    "subcategory_url": "https://www.rohlik.cz/c300105010-ochucene"
  },
  {
    "name": "Olma Protein jogurt malina",
    "price": "20,90 Kč",
    "unit_price": "139.33 Kč/kg",
    "package_amount": "150 g",
    "subcategory_name": "Jogurty - Ochucené",
    "subcategory_url": "https://www.rohlik.cz/c300105010-ochucene"
  },
  {
    "name": "Olma Florian smetanový jogurt borůvka",
    "price": "17,90 Kč",
    "unit_price": "119.33 Kč/kg",
    "package_amount": "150 g",
    "subcategory_name": "Jogurty - Ochucené",
    "subcategory_url": "https://www.rohlik.cz/c300105010-ochucene"
  },
  {
    "name": "Kostíci Čokoparta jogurt vanilkový",
    "price": "21,90 Kč",
    "unit_price": "204.67 Kč/kg",
    "package_amount": "107 g",
    "subcategory_name": "Jogurty - Ochucené",
    "subcategory_url": "https://www.rohlik.cz/c300105010-ochucene"
  },
  {
    "name": "Hollandia Selský jogurt borůvka",
    "price": "19,90 Kč",
    "unit_price": "99.5 Kč/kg",
    "package_amount": "200 g",
    "subcategory_name": "Jogurty - Ochucené",
    "subcategory_url": "https://www.rohlik.cz/c300105010-ochucene"
  },
  {
    "name": "Choceňská mlékárna Choceňský smetanový jogurt jahoda",
    "price": "18,90 Kč",
    "unit_price": "126 Kč/kg",
    "package_amount": "150 g",
    "subcategory_name": "Jogurty - Ochucené",
    "subcategory_url": "https://www.rohlik.cz/c300105010-ochucene"
  },
  {
    "name": "Hollandia Selský jogurt slaný karamel",
    "price": "19,90 Kč",
    "unit_price": "99.5 Kč/kg",
    "package_amount": "200 g",
    "subcategory_name": "Jogurty - Ochucené",
    "subcategory_url": "https://www.rohlik.cz/c300105010-ochucene"
  },
  {
    "name": "Hollandia Krémový jogurt jahoda bez laktózy",
    "price": "18,90 Kč",
    "unit_price": "105 Kč/kg",
    "package_amount": "180 g",
    "subcategory_name": "Jogurty - Ochucené",
    "subcategory_url": "https://www.rohlik.cz/c300105010-ochucene"
  },
  {
    "name": "Olma Jahodový jogurt Tlapková patrola",
    "price": "14,90 Kč",
    "unit_price": "141.9 Kč/kg",
    "package_amount": "105 g",
    "subcategory_name": "Jogurty - Ochucené",
    "subcategory_url": "https://www.rohlik.cz/c300105010-ochucene"
  },
  {
    "name": "Choceňská mlékárna Choceňský smetanový jogurt borůvka",
    "price": "18,90 Kč",
    "unit_price": "126 Kč/kg",
    "package_amount": "150 g",
    "subcategory_name": "Jogurty - Ochucené",
    "subcategory_url": "https://www.rohlik.cz/c300105010-ochucene"
  },
  {
    "name": "Milko Super jogurt borůvka",
    "price": "21,90 Kč",
    "unit_price": "146 Kč/kg",
    "package_amount": "150 g",
    "subcategory_name": "Jogurty - Ochucené",
    "subcategory_url": "https://www.rohlik.cz/c300105010-ochucene"
  },
  {
    "name": "Krajanka zakysaná smetana 10% jahoda",
    "price": "22,90 Kč",
    "unit_price": "176.15 Kč/kg",
    "package_amount": "130 g",
    "subcategory_name": "Jogurty - Ochucené",
    "subcategory_url": "https://www.rohlik.cz/c300105010-ochucene"
  },
  {
    "name": "Müller Mix Jogurt Chantilly s čokoládovými cookies",
    "price": "21,90 Kč",
    "unit_price": "168.46 Kč/kg",
    "package_amount": "130 g",
    "subcategory_name": "Jogurty - Ochucené",
    "subcategory_url": "https://www.rohlik.cz/c300105010-ochucene"
  },
  {
    "name": "Hollandia Selský jogurt meruňkový",
    "price": "19,90 Kč",
    "unit_price": "99.5 Kč/kg",
    "package_amount": "200 g",
    "subcategory_name": "Jogurty - Ochucené",
    "subcategory_url": "https://www.rohlik.cz/c300105010-ochucene"
  },
  {
    "name": "Olma Vanilkový jogurt Tlapková patrola",
    "price": "14,90 Kč",
    "unit_price": "141.9 Kč/kg",
    "package_amount": "105 g",
    "subcategory_name": "Jogurty - Ochucené",
    "subcategory_url": "https://www.rohlik.cz/c300105010-ochucene"
  },
  {
    "name": "Hollandia Krémový jogurt borůvka bez laktózy",
    "price": "18,90 Kč",
    "unit_price": "105 Kč/kg",
    "package_amount": "180 g",
    "subcategory_name": "Jogurty - Ochucené",
    "subcategory_url": "https://www.rohlik.cz/c300105010-ochucene"
  },
  {
    "name": "Choceňská mlékárna Choceňský smetanový jogurt čokoláda",
    "price": "18,90 Kč",
    "unit_price": "126 Kč/kg",
    "package_amount": "150 g",
    "subcategory_name": "Jogurty - Ochucené",
    "subcategory_url": "https://www.rohlik.cz/c300105010-ochucene"
  },
  {
    "name": "Activia Probiotický jogurt jahoda 4×120 g",
    "price": "69,90 Kč",
    "unit_price": "145.63 Kč/kg",
    "package_amount": "480 g",
    "subcategory_name": "Jogurty - Ochucené",
    "subcategory_url": "https://www.rohlik.cz/c300105010-ochucene"
  },
  {
    "name": "Kostíci Klauníci jogurt čokoládový",
    "price": "21,90 Kč",
    "unit_price": "200.92 Kč/kg",
    "package_amount": "109 g",
    "subcategory_name": "Jogurty - Ochucené",
    "subcategory_url": "https://www.rohlik.cz/c300105010-ochucene"
  },
  {
    "name": "Agrola Jogurt borůvka",
    "price": "27,90 Kč",
    "unit_price": "139.5 Kč/kg",
    "package_amount": "200 g",
    "subcategory_name": "Jogurty - Ochucené",
    "subcategory_url": "https://www.rohlik.cz/c300105010-ochucene"
  },
  {
    "name": "Milko Super jogurt jahoda",
    "price": "21,90 Kč",
    "unit_price": "146 Kč/kg",
    "package_amount": "150 g",
    "subcategory_name": "Jogurty - Ochucené",
    "subcategory_url": "https://www.rohlik.cz/c300105010-ochucene"
  },
  {
    "name": "Milko Řecký jogurt 0 % karamel",
    "price": "21,90 Kč",
    "unit_price": "156.43 Kč/kg",
    "package_amount": "140 g",
    "subcategory_name": "Jogurty - Ochucené",
    "subcategory_url": "https://www.rohlik.cz/c300105010-ochucene"
  },
  {
    "name": "Biofarma DoRa BIO Kozí jogurt bílý",
    "price": "28,10 Kč",
    "unit_price": "187.33 Kč/kg",
    "package_amount": "150 g",
    "subcategory_name": "Jogurty - Ochucené",
    "subcategory_url": "https://www.rohlik.cz/c300105010-ochucene"
  },
  {
    "name": "Fantasia Jogurt s čokovločkami",
    "price": "21,90 Kč",
    "unit_price": "214.71 Kč/kg",
    "package_amount": "102 g",
    "subcategory_name": "Jogurty - Ochucené",
    "subcategory_url": "https://www.rohlik.cz/c300105010-ochucene"
  },
  {
    "name": "Olma Protein jogurt jablko a hruška",
    "price": "20,90 Kč",
    "unit_price": "139.33 Kč/kg",
    "package_amount": "150 g",
    "subcategory_name": "Jogurty - Ochucené",
    "subcategory_url": "https://www.rohlik.cz/c300105010-ochucene"
  },
  {
    "name": "Rohlik.cz Hustej jogurt s müsli, karamelem a ořechy",
    "price": "79,90 Kč",
    "unit_price": "261.97 Kč/kg",
    "package_amount": "305 g",
    "subcategory_name": "Jogurty - Ochucené",
    "subcategory_url": "https://www.rohlik.cz/c300105010-ochucene"
  },
  {
    "name": "Activia Probiotický jogurt jahoda",
    "price": "18,90 Kč",
    "unit_price": "157.5 Kč/kg",
    "package_amount": "120 g",
    "subcategory_name": "Jogurty - Ochucené",
    "subcategory_url": "https://www.rohlik.cz/c300105010-ochucene"
  },
  {
    "name": "Pappudia Jogurt s borůvkami a banány bez přidaného cukru",
    "price": "63,90 Kč",
    "unit_price": "319.5 Kč/kg",
    "package_amount": "200 g",
    "subcategory_name": "Jogurty - Ochucené",
    "subcategory_url": "https://www.rohlik.cz/c300105010-ochucene"
  },
  {
    "name": "Mlékárna Kunín Oveska jahoda",
    "price": "24,90 Kč",
    "unit_price": "166 Kč/kg",
    "package_amount": "150 g",
    "subcategory_name": "Jogurty - Ochucené",
    "subcategory_url": "https://www.rohlik.cz/c300105010-ochucene"
  },
  {
    "name": "Hollandia Selský jogurt višeň-vanilka",
    "price": "19,90 Kč",
    "unit_price": "99.5 Kč/kg",
    "package_amount": "200 g",
    "subcategory_name": "Jogurty - Ochucené",
    "subcategory_url": "https://www.rohlik.cz/c300105010-ochucene"
  },
  {
    "name": "Carte d'Or Dezert čokoláda a stracciatella",
    "price": "23,90 Kč",
    "unit_price": "170.71 Kč/kg",
    "package_amount": "140 g",
    "subcategory_name": "Jogurty - Ochucené",
    "subcategory_url": "https://www.rohlik.cz/c300105010-ochucene"
  },
  {
    "name": "Activia Probiotický jogurt borůvka",
    "price": "18,90 Kč",
    "unit_price": "157.5 Kč/kg",
    "package_amount": "120 g",
    "subcategory_name": "Jogurty - Ochucené",
    "subcategory_url": "https://www.rohlik.cz/c300105010-ochucene"
  },
  {
    "name": "Olma Florian smetanový jogurt káva Arabica",
    "price": "17,90 Kč",
    "unit_price": "119.33 Kč/kg",
    "package_amount": "150 g",
    "subcategory_name": "Jogurty - Ochucené",
    "subcategory_url": "https://www.rohlik.cz/c300105010-ochucene"
  },
  {
    "name": "Mlékárna ValMez Smetanový jogurt čokoláda",
    "price": "18,90 Kč",
    "unit_price": "126 Kč/kg",
    "package_amount": "150 g",
    "subcategory_name": "Jogurty - Ochucené",
    "subcategory_url": "https://www.rohlik.cz/c300105010-ochucene"
  },
  {
    "name": "Fantasia Jogurt s čokoládovými kuličkami",
    "price": "21,90 Kč",
    "unit_price": "219 Kč/kg",
    "package_amount": "100 g",
    "subcategory_name": "Jogurty - Ochucené",
    "subcategory_url": "https://www.rohlik.cz/c300105010-ochucene"
  },
  {
    "name": "Müller Mix Krémový jogurt s borůvkami",
    "price": "21,90 Kč",
    "unit_price": "168.46 Kč/kg",
    "package_amount": "130 g",
    "subcategory_name": "Jogurty - Ochucené",
    "subcategory_url": "https://www.rohlik.cz/c300105010-ochucene"
  },
  {
    "name": "Rohlik.cz BIO Selský jogurt bílý",
    "price": "33,90 Kč",
    "unit_price": "169.5 Kč/kg",
    "package_amount": "200 g",
    "subcategory_name": "Jogurty - Ochucené",
    "subcategory_url": "https://www.rohlik.cz/c300105010-ochucene"
  },
  {
    "name": "Fantasia Jogurt s višněmi",
    "price": "22,90 Kč",
    "unit_price": "194.07 Kč/kg",
    "package_amount": "118 g",
    "subcategory_name": "Jogurty - Ochucené",
    "subcategory_url": "https://www.rohlik.cz/c300105010-ochucene"
  },
  {
    "name": "Mlékárna Kunín Oveska",
    "price": "24,90 Kč",
    "unit_price": "166 Kč/kg",
    "package_amount": "150 g",
    "subcategory_name": "Jogurty - Ochucené",
    "subcategory_url": "https://www.rohlik.cz/c300105010-ochucene"
  },
  {
    "name": "Activia Probiotický jogurt meruňka 4×120 g",
    "price": "69,90 Kč",
    "unit_price": "145.63 Kč/kg",
    "package_amount": "480 g",
    "subcategory_name": "Jogurty - Ochucené",
    "subcategory_url": "https://www.rohlik.cz/c300105010-ochucene"
  },
  {
    "name": "Tami Bezlaktózový smetanový jogurt čokoláda",
    "price": "19,90 Kč",
    "unit_price": "132.67 Kč/kg",
    "package_amount": "150 g",
    "subcategory_name": "Jogurty - Ochucené",
    "subcategory_url": "https://www.rohlik.cz/c300105010-ochucene"
  },
  {
    "name": "Krajanka zakysaná smetana 10% vaječný likér",
    "price": "22,90 Kč",
    "unit_price": "176.15 Kč/kg",
    "package_amount": "130 g",
    "subcategory_name": "Jogurty - Ochucené",
    "subcategory_url": "https://www.rohlik.cz/c300105010-ochucene"
  },
  {
    "name": "Mlékárna Kunín Sametový jogurt meruňka",
    "price": "16,50 Kč",
    "unit_price": "110 Kč/kg",
    "package_amount": "150 g",
    "subcategory_name": "Jogurty - Ochucené",
    "subcategory_url": "https://www.rohlik.cz/c300105010-ochucene"
  },
  {
    "name": "Müller Mix Jogurt Triple Choco",
    "price": "21,90 Kč",
    "unit_price": "168.46 Kč/kg",
    "package_amount": "130 g",
    "subcategory_name": "Jogurty - Ochucené",
    "subcategory_url": "https://www.rohlik.cz/c300105010-ochucene"
  },
  {
    "name": "Milko Bedřich smetanový jogurt mango 10 %",
    "price": "15,90 Kč",
    "unit_price": "106 Kč/kg",
    "package_amount": "150 g",
    "subcategory_name": "Jogurty - Ochucené",
    "subcategory_url": "https://www.rohlik.cz/c300105010-ochucene"
  },
  {
    "name": "Rohlik.cz Hustej jogurt s müsli, banány a jahodami",
    "price": "79,90 Kč",
    "unit_price": "261.97 Kč/kg",
    "package_amount": "305 g",
    "subcategory_name": "Jogurty - Ochucené",
    "subcategory_url": "https://www.rohlik.cz/c300105010-ochucene"
  },
  {
    "name": "Bohemilk Opočenský smetanový jogurt hruška s karamelem",
    "price": "29,90 Kč",
    "unit_price": "199.33 Kč/kg",
    "package_amount": "150 g",
    "subcategory_name": "Jogurty - Ochucené",
    "subcategory_url": "https://www.rohlik.cz/c300105010-ochucene"
  },
  {
    "name": "Mlékárna ValMez Smetanový jogurt jahoda s vanilkou",
    "price": "18,90 Kč",
    "unit_price": "126 Kč/kg",
    "package_amount": "150 g",
    "subcategory_name": "Jogurty - Ochucené",
    "subcategory_url": "https://www.rohlik.cz/c300105010-ochucene"
  },
  {
    "name": "Choceňská mlékárna Choceňský smetanový jogurt mango",
    "price": "18,90 Kč",
    "unit_price": "126 Kč/kg",
    "package_amount": "150 g",
    "subcategory_name": "Jogurty - Ochucené",
    "subcategory_url": "https://www.rohlik.cz/c300105010-ochucene"
  },
  {
    "name": "Můj Jogurt Brownie",
    "price": "159,90 Kč",
    "unit_price": "463.48 Kč/kg",
    "package_amount": "345 g",
    "subcategory_name": "Jogurty - Ochucené",
    "subcategory_url": "https://www.rohlik.cz/c300105010-ochucene"
  },
  {
    "name": "Activia Probiotický jogurt meruňka",
    "price": "18,90 Kč",
    "unit_price": "157.5 Kč/kg",
    "package_amount": "120 g",
    "subcategory_name": "Jogurty - Ochucené",
    "subcategory_url": "https://www.rohlik.cz/c300105010-ochucene"
  },
  {
    "name": "Můj Jogurt Pistáciový",
    "price": "159,90 Kč",
    "unit_price": "463.48 Kč/kg",
    "package_amount": "345 g",
    "subcategory_name": "Jogurty - Ochucené",
    "subcategory_url": "https://www.rohlik.cz/c300105010-ochucene"
  },
  {
    "name": "Sterzing-Vipiteno Plnotučný jogurt mango 2×125 g",
    "price": "38,80 Kč",
    "unit_price": "155.2 Kč/kg",
    "package_amount": "250 g",
    "subcategory_name": "Jogurty - Ochucené",
    "subcategory_url": "https://www.rohlik.cz/c300105010-ochucene"
  },
  {
    "name": "Carte d'Or Dezert karamel a slaný karamel",
    "price": "23,90 Kč",
    "unit_price": "170.71 Kč/kg",
    "package_amount": "140 g",
    "subcategory_name": "Jogurty - Ochucené",
    "subcategory_url": "https://www.rohlik.cz/c300105010-ochucene"
  },
  {
    "name": "Ehrmann High Protein jogurt stracciatella",
    "price": "34,90 Kč",
    "unit_price": "174.5 Kč/kg",
    "package_amount": "200 g",
    "subcategory_name": "Jogurty - Ochucené",
    "subcategory_url": "https://www.rohlik.cz/c300105010-ochucene"
  },
  {
    "name": "Olma Florian smetanový jogurt lesní směs",
    "price": "17,90 Kč",
    "unit_price": "119.33 Kč/kg",
    "package_amount": "150 g",
    "subcategory_name": "Jogurty - Ochucené",
    "subcategory_url": "https://www.rohlik.cz/c300105010-ochucene"
  },
  {
    "name": "Fantasia Jogurt s jahodami",
    "price": "22,90 Kč",
    "unit_price": "194.07 Kč/kg",
    "package_amount": "118 g",
    "subcategory_name": "Jogurty - Ochucené",
    "subcategory_url": "https://www.rohlik.cz/c300105010-ochucene"
  },
  {
    "name": "Mlékárna ValMez Ovocný jogurt z Valašska meruňka",
    "price": "18,90 Kč",
    "unit_price": "126 Kč/kg",
    "package_amount": "150 g",
    "subcategory_name": "Jogurty - Ochucené",
    "subcategory_url": "https://www.rohlik.cz/c300105010-ochucene"
  },
  {
    "name": "Bohemilk Opočenský smetanový jogurt malina",
    "price": "29,90 Kč",
    "unit_price": "199.33 Kč/kg",
    "package_amount": "150 g",
    "subcategory_name": "Jogurty - Ochucené",
    "subcategory_url": "https://www.rohlik.cz/c300105010-ochucene"
  },
  {
    "name": "Můj Jogurt Čokobanán",
    "price": "159,90 Kč",
    "unit_price": "450.42 Kč/kg",
    "package_amount": "355 g",
    "subcategory_name": "Jogurty - Ochucené",
    "subcategory_url": "https://www.rohlik.cz/c300105010-ochucene"
  },
  {
    "name": "Mlékárna Kunín Pohár mléčný dezert s příchutí jahoda",
    "price": "19,90 Kč",
    "unit_price": "132.67 Kč/kg",
    "package_amount": "150 g",
    "subcategory_name": "Jogurty - Ochucené",
    "subcategory_url": "https://www.rohlik.cz/c300105010-ochucene"
  },
  {
    "name": "Fantasia Jogurt s mangem, marakujou a kousky čokolády",
    "price": "21,90 Kč",
    "unit_price": "188.79 Kč/kg",
    "package_amount": "116 g",
    "subcategory_name": "Jogurty - Ochucené",
    "subcategory_url": "https://www.rohlik.cz/c300105010-ochucene"
  },
  {
    "name": "Berchtesgadener Land BIO Malinový jogurt bez laktózy",
    "price": "27,90 Kč",
    "unit_price": "186 Kč/kg",
    "package_amount": "150 g",
    "subcategory_name": "Jogurty - Ochucené",
    "subcategory_url": "https://www.rohlik.cz/c300105010-ochucene"
  },
  {
    "name": "Milko Bedřich smetanový jogurt jahoda 10 %",
    "price": "15,90 Kč",
    "unit_price": "106 Kč/kg",
    "package_amount": "150 g",
    "subcategory_name": "Jogurty - Ochucené",
    "subcategory_url": "https://www.rohlik.cz/c300105010-ochucene"
  },
  {
    "name": "Mlékárna ValMez Smetanový jogurt višeň",
    "price": "18,90 Kč",
    "unit_price": "126 Kč/kg",
    "package_amount": "150 g",
    "subcategory_name": "Jogurty - Ochucené",
    "subcategory_url": "https://www.rohlik.cz/c300105010-ochucene"
  },
  {
    "name": "Mlékárna Kunín Athentikos jogurt na jahodách",
    "price": "23,90 Kč",
    "unit_price": "170.71 Kč/kg",
    "package_amount": "140 g",
    "subcategory_name": "Jogurty - Ochucené",
    "subcategory_url": "https://www.rohlik.cz/c300105010-ochucene"
  },
  {
    "name": "Krajanka Moje chvilka čokoládová zakysaná smetana višeň",
    "price": "21,90 Kč",
    "unit_price": "168.46 Kč/kg",
    "package_amount": "130 g",
    "subcategory_name": "Jogurty - Ochucené",
    "subcategory_url": "https://www.rohlik.cz/c300105010-ochucene"
  },
  {
    "name": "Ehrmann LactoZero bezlaktózový jogurt řeckého typu MIX",
    "price": "19,40 Kč",
    "unit_price": "143.7 Kč/kg",
    "package_amount": "135 g",
    "subcategory_name": "Jogurty - Ochucené",
    "subcategory_url": "https://www.rohlik.cz/c300105010-ochucene"
  },
  {
    "name": "Bohemilk Opočenský jogurt ve skle broskev a meruňka",
    "price": "28,90 Kč",
    "unit_price": "192.67 Kč/kg",
    "package_amount": "150 g",
    "subcategory_name": "Jogurty - Ochucené",
    "subcategory_url": "https://www.rohlik.cz/c300105010-ochucene"
  },
  {
    "name": "Milko Bedřich smetanový jogurt borůvka 10 %",
    "price": "15,90 Kč",
    "unit_price": "106 Kč/kg",
    "package_amount": "150 g",
    "subcategory_name": "Jogurty - Ochucené",
    "subcategory_url": "https://www.rohlik.cz/c300105010-ochucene"
  },
  {
    "name": "Activia Probiotický jogurt vlašský ořech a oves",
    "price": "18,90 Kč",
    "unit_price": "157.5 Kč/kg",
    "package_amount": "120 g",
    "subcategory_name": "Jogurty - Ochucené",
    "subcategory_url": "https://www.rohlik.cz/c300105010-ochucene"
  },
  {
    "name": "Můj Jogurt Slaný karamel",
    "price": "159,90 Kč",
    "unit_price": "463.48 Kč/kg",
    "package_amount": "345 g",
    "subcategory_name": "Jogurty - Ochucené",
    "subcategory_url": "https://www.rohlik.cz/c300105010-ochucene"
  },
  {
    "name": "Neogal High protein řecký jogurt 0 % tuku s kávovým extraktem",
    "price": "39,90 Kč",
    "unit_price": "266 Kč/kg",
    "package_amount": "150 g",
    "subcategory_name": "Jogurty - Ochucené",
    "subcategory_url": "https://www.rohlik.cz/c300105010-ochucene"
  },
  {
    "name": "Bohemilk Opočenský smetanový jogurt černý rybíz",
    "price": "29,90 Kč",
    "unit_price": "199.33 Kč/kg",
    "package_amount": "150 g",
    "subcategory_name": "Jogurty - Ochucené",
    "subcategory_url": "https://www.rohlik.cz/c300105010-ochucene"
  },
  {
    "name": "Hollandia Selský jogurt černý rybíz",
    "price": "19,90 Kč",
    "unit_price": "99.5 Kč/kg",
    "package_amount": "200 g",
    "subcategory_name": "Jogurty - Ochucené",
    "subcategory_url": "https://www.rohlik.cz/c300105010-ochucene"
  },
  {
    "name": "Mlékárna Kunín Athentikos jogurt na meruňkách",
    "price": "23,90 Kč",
    "unit_price": "170.71 Kč/kg",
    "package_amount": "140 g",
    "subcategory_name": "Jogurty - Ochucené",
    "subcategory_url": "https://www.rohlik.cz/c300105010-ochucene"
  },
  {
    "name": "Berchtesgadener Land BIO Vanilkový jogurt bez laktózy",
    "price": "27,90 Kč",
    "unit_price": "186 Kč/kg",
    "package_amount": "150 g",
    "subcategory_name": "Jogurty - Ochucené",
    "subcategory_url": "https://www.rohlik.cz/c300105010-ochucene"
  },
  {
    "name": "Milko Bedřich smetanový jogurt čokoláda 10 %",
    "price": "15,90 Kč",
    "unit_price": "106 Kč/kg",
    "package_amount": "150 g",
    "subcategory_name": "Jogurty - Ochucené",
    "subcategory_url": "https://www.rohlik.cz/c300105010-ochucene"
  },
  {
    "name": "Activia Probiotický jogurt bílý s müsli",
    "price": "18,90 Kč",
    "unit_price": "157.5 Kč/kg",
    "package_amount": "120 g",
    "subcategory_name": "Jogurty - Ochucené",
    "subcategory_url": "https://www.rohlik.cz/c300105010-ochucene"
  },
  {
    "name": "Sterzing-Vipiteno Plnotučný jogurt citron 2×125 g",
    "price": "38,80 Kč",
    "unit_price": "155.2 Kč/kg",
    "package_amount": "250 g",
    "subcategory_name": "Jogurty - Ochucené",
    "subcategory_url": "https://www.rohlik.cz/c300105010-ochucene"
  },
  {
    "name": "Mlékárna Řetová Sloupnický A2 jogurt jahodový",
    "price": "35,90 Kč",
    "unit_price": "265.93 Kč/kg",
    "package_amount": "135 g",
    "subcategory_name": "Jogurty - Ochucené",
    "subcategory_url": "https://www.rohlik.cz/c300105010-ochucene"
  },
  {
    "name": "Mlékárna ValMez Smetanový jogurt jahoda",
    "price": "18,90 Kč",
    "unit_price": "126 Kč/kg",
    "package_amount": "150 g",
    "subcategory_name": "Jogurty - Ochucené",
    "subcategory_url": "https://www.rohlik.cz/c300105010-ochucene"
  },
  {
    "name": "Neogal High protein řecký jogurt 1 % tuku s kokosem",
    "price": "39,90 Kč",
    "unit_price": "266 Kč/kg",
    "package_amount": "150 g",
    "subcategory_name": "Jogurty - Ochucené",
    "subcategory_url": "https://www.rohlik.cz/c300105010-ochucene"
  },
  {
    "name": "Můj Jogurt Řecký",
    "price": "159,90 Kč",
    "unit_price": "463.48 Kč/kg",
    "package_amount": "345 g",
    "subcategory_name": "Jogurty - Ochucené",
    "subcategory_url": "https://www.rohlik.cz/c300105010-ochucene"
  },
  {
    "name": "Rohlik.cz Hustej jogurt s müsli, banány a jahodami mini",
    "price": "67,90 Kč",
    "unit_price": "377.22 Kč/kg",
    "package_amount": "180 g",
    "subcategory_name": "Jogurty - Ochucené",
    "subcategory_url": "https://www.rohlik.cz/c300105010-ochucene"
  },
  {
    "name": "Activia Probiotický jogurt bílý s ovesnou granolou",
    "price": "34,90 Kč",
    "unit_price": "205.29 Kč/kg",
    "package_amount": "170 g",
    "subcategory_name": "Jogurty - Ochucené",
    "subcategory_url": "https://www.rohlik.cz/c300105010-ochucene"
  },
  {
    "name": "Mlékárna Řetová Sloupnický A2 jogurt čokoládový",
    "price": "35,90 Kč",
    "unit_price": "265.93 Kč/kg",
    "package_amount": "135 g",
    "subcategory_name": "Jogurty - Ochucené",
    "subcategory_url": "https://www.rohlik.cz/c300105010-ochucene"
  },
  {
    "name": "Krajanka Moje chvilka čokoládová zakysaná smetana extra čokoláda",
    "price": "21,90 Kč",
    "unit_price": "168.46 Kč/kg",
    "package_amount": "130 g",
    "subcategory_name": "Jogurty - Ochucené",
    "subcategory_url": "https://www.rohlik.cz/c300105010-ochucene"
  },
  {
    "name": "Neogal High Protein Řecký jogurt 0 % tuku s vanilkovým extraktem",
    "price": "39,90 Kč",
    "unit_price": "266 Kč/kg",
    "package_amount": "150 g",
    "subcategory_name": "Jogurty - Ochucené",
    "subcategory_url": "https://www.rohlik.cz/c300105010-ochucene"
  },
  {
    "name": "Rohlik.cz Hustej jogurt s müsli a hořkou čokoládou",
    "price": "79,90 Kč",
    "unit_price": "261.97 Kč/kg",
    "package_amount": "305 g",
    "subcategory_name": "Jogurty - Ochucené",
    "subcategory_url": "https://www.rohlik.cz/c300105010-ochucene"
  },
  {
    "name": "Rohlik.cz BIO Selský jogurt jahoda",
    "price": "32,90 Kč",
    "unit_price": "235 Kč/kg",
    "package_amount": "140 g",
    "subcategory_name": "Jogurty - Ochucené",
    "subcategory_url": "https://www.rohlik.cz/c300105010-ochucene"
  },
  {
    "name": "Krajanka zakysaná smetana stracciatella",
    "price": "21,90 Kč",
    "unit_price": "168.46 Kč/kg",
    "package_amount": "130 g",
    "subcategory_name": "Jogurty - Ochucené",
    "subcategory_url": "https://www.rohlik.cz/c300105010-ochucene"
  },
  {
    "name": "Mlékárna Kunín Pohár mléčný dezert s příchutí meruňka",
    "price": "19,90 Kč",
    "unit_price": "132.67 Kč/kg",
    "package_amount": "150 g",
    "subcategory_name": "Jogurty - Ochucené",
    "subcategory_url": "https://www.rohlik.cz/c300105010-ochucene"
  },
  {
    "name": "Hollandia Farmář jogurt stracciatella",
    "price": "42,90 Kč",
    "unit_price": "107.25 Kč/kg",
    "package_amount": "400 g",
    "subcategory_name": "Jogurty - Ochucené",
    "subcategory_url": "https://www.rohlik.cz/c300105010-ochucene"
  },
  {
    "name": "Olma Pierot borůvka",
    "price": "23,90 Kč",
    "unit_price": "136.57 Kč/kg",
    "package_amount": "175 g",
    "subcategory_name": "Jogurty - Ochucené",
    "subcategory_url": "https://www.rohlik.cz/c300105010-ochucene"
  },
  {
    "name": "Krajanka Moje chvilka čokoládová zakysaná smetana karamel",
    "price": "21,90 Kč",
    "unit_price": "168.46 Kč/kg",
    "package_amount": "130 g",
    "subcategory_name": "Jogurty - Ochucené",
    "subcategory_url": "https://www.rohlik.cz/c300105010-ochucene"
  },
  {
    "name": "Můj Jogurt Raffaello",
    "price": "149,90 Kč",
    "unit_price": "454.24 Kč/kg",
    "package_amount": "330 g",
    "subcategory_name": "Jogurty - Ochucené",
    "subcategory_url": "https://www.rohlik.cz/c300105010-ochucene"
  },
  {
    "name": "Rohlik.cz BIO Selský jogurt borůvka",
    "price": "32,90 Kč",
    "unit_price": "235 Kč/kg",
    "package_amount": "140 g",
    "subcategory_name": "Jogurty - Ochucené",
    "subcategory_url": "https://www.rohlik.cz/c300105010-ochucene"
  },
  {
    "name": "Sterzing-Vipiteno Plnotučný jogurt kokos 2×125 g",
    "price": "38,80 Kč",
    "unit_price": "155.2 Kč/kg",
    "package_amount": "250 g",
    "subcategory_name": "Jogurty - Ochucené",
    "subcategory_url": "https://www.rohlik.cz/c300105010-ochucene"
  },
  {
    "name": "Rians Ovčí jogurt vanilka",
    "price": "51,50 Kč",
    "unit_price": "447.83 Kč/kg",
    "package_amount": "115 g",
    "subcategory_name": "Jogurty - Ochucené",
    "subcategory_url": "https://www.rohlik.cz/c300105010-ochucene"
  },
  {
    "name": "Farma rodiny Němcovy Jogurt s meruňkami",
    "price": "30,90 Kč",
    "unit_price": "206 Kč/kg",
    "package_amount": "150 g",
    "subcategory_name": "Jogurty - Ochucené",
    "subcategory_url": "https://www.rohlik.cz/c300105010-ochucene"
  },
  {
    "name": "Olma Pierot kokos a ananas",
    "price": "23,90 Kč",
    "unit_price": "136.57 Kč/kg",
    "package_amount": "175 g",
    "subcategory_name": "Jogurty - Ochucené",
    "subcategory_url": "https://www.rohlik.cz/c300105010-ochucene"
  },
  {
    "name": "Neogal High protein řecký jogurt 0 % tuku s medem",
    "price": "39,90 Kč",
    "unit_price": "266 Kč/kg",
    "package_amount": "150 g",
    "subcategory_name": "Jogurty - Ochucené",
    "subcategory_url": "https://www.rohlik.cz/c300105010-ochucene"
  },
  {
    "name": "Mlékárna ValMez Smetanový jogurt borůvka",
    "price": "18,90 Kč",
    "unit_price": "126 Kč/kg",
    "package_amount": "150 g",
    "subcategory_name": "Jogurty - Ochucené",
    "subcategory_url": "https://www.rohlik.cz/c300105010-ochucene"
  },
  {
    "name": "Tami Bezlaktózový smetanový jogurt malina",
    "price": "19,90 Kč",
    "unit_price": "132.67 Kč/kg",
    "package_amount": "150 g",
    "subcategory_name": "Jogurty - Ochucené",
    "subcategory_url": "https://www.rohlik.cz/c300105010-ochucene"
  },
  {
    "name": "Olma Pierot mango",
    "price": "23,90 Kč",
    "unit_price": "136.57 Kč/kg",
    "package_amount": "175 g",
    "subcategory_name": "Jogurty - Ochucené",
    "subcategory_url": "https://www.rohlik.cz/c300105010-ochucene"
  },
  {
    "name": "Rohlik.cz BIO Selský jogurt meruňka",
    "price": "32,90 Kč",
    "unit_price": "235 Kč/kg",
    "package_amount": "140 g",
    "subcategory_name": "Jogurty - Ochucené",
    "subcategory_url": "https://www.rohlik.cz/c300105010-ochucene"
  },
  {
    "name": "Sterzing-Vipiteno Plnotučný jogurt lískový oříšek 2×125 g",
    "price": "38,80 Kč",
    "unit_price": "155.2 Kč/kg",
    "package_amount": "250 g",
    "subcategory_name": "Jogurty - Ochucené",
    "subcategory_url": "https://www.rohlik.cz/c300105010-ochucene"
  },
  {
    "name": "Mlékárna Ohaře Jogurt višňový",
    "price": "48,50 Kč",
    "unit_price": "210.87 Kč/kg",
    "package_amount": "230 g",
    "subcategory_name": "Jogurty - Ochucené",
    "subcategory_url": "https://www.rohlik.cz/c300105010-ochucene"
  },
  {
    "name": "Mlékárna Kunín Athentikos jogurt na vanilce",
    "price": "23,90 Kč",
    "unit_price": "170.71 Kč/kg",
    "package_amount": "140 g",
    "subcategory_name": "Jogurty - Ochucené",
    "subcategory_url": "https://www.rohlik.cz/c300105010-ochucene"
  },
  {
    "name": "Agrola Jogurt čokoláda",
    "price": "27,90 Kč",
    "unit_price": "139.5 Kč/kg",
    "package_amount": "200 g",
    "subcategory_name": "Jogurty - Ochucené",
    "subcategory_url": "https://www.rohlik.cz/c300105010-ochucene"
  },
  {
    "name": "Bohemilk Opočenský jogurt ve skle jahoda",
    "price": "28,90 Kč",
    "unit_price": "192.67 Kč/kg",
    "package_amount": "150 g",
    "subcategory_name": "Jogurty - Ochucené",
    "subcategory_url": "https://www.rohlik.cz/c300105010-ochucene"
  },
  {
    "name": "Mlékárna Ohaře Jogurt borůvkový",
    "price": "48,50 Kč",
    "unit_price": "210.87 Kč/kg",
    "package_amount": "230 g",
    "subcategory_name": "Jogurty - Ochucené",
    "subcategory_url": "https://www.rohlik.cz/c300105010-ochucene"
  },
  {
    "name": "Hollandia Farmář jogurt lesní směs",
    "price": "42,90 Kč",
    "unit_price": "107.25 Kč/kg",
    "package_amount": "400 g",
    "subcategory_name": "Jogurty - Ochucené",
    "subcategory_url": "https://www.rohlik.cz/c300105010-ochucene"
  },
  {
    "name": "Fantasia Jogurt s borůvkami",
    "price": "21,90 Kč",
    "unit_price": "185.59 Kč/kg",
    "package_amount": "118 g",
    "subcategory_name": "Jogurty - Ochucené",
    "subcategory_url": "https://www.rohlik.cz/c300105010-ochucene"
  },
  {
    "name": "Sterzing-Vipiteno Plnotučný jogurt hruška a heřmánek 2×125 g",
    "price": "38,80 Kč",
    "unit_price": "155.2 Kč/kg",
    "package_amount": "250 g",
    "subcategory_name": "Jogurty - Ochucené",
    "subcategory_url": "https://www.rohlik.cz/c300105010-ochucene"
  },
  {
    "name": "Biofarma DoRa Kozí jogurt ochucený jahodou",
    "price": "19,90 Kč",
    "unit_price": "132.67 Kč/kg",
    "package_amount": "150 g",
    "subcategory_name": "Jogurty - Ochucené",
    "subcategory_url": "https://www.rohlik.cz/c300105010-ochucene"
  },
  {
    "name": "Andros Gourmand & Végétal Čokoládový dezert se šlehačkou 4×90 g",
    "price": "84,90 Kč",
    "unit_price": "235.83 Kč/kg",
    "package_amount": "360 g",
    "subcategory_name": "Jogurty - Ochucené",
    "subcategory_url": "https://www.rohlik.cz/c300105010-ochucene"
  },
  {
    "name": "Farma rodiny Němcovy Farmářský jogurt jablko, rozinka, skořice",
    "price": "30,90 Kč",
    "unit_price": "206 Kč/kg",
    "package_amount": "150 g",
    "subcategory_name": "Jogurty - Ochucené",
    "subcategory_url": "https://www.rohlik.cz/c300105010-ochucene"
  },
  {
    "name": "Mlékárna Kunín Pohár mléčný dezert s příchutí borůvka",
    "price": "19,90 Kč",
    "unit_price": "132.67 Kč/kg",
    "package_amount": "150 g",
    "subcategory_name": "Jogurty - Ochucené",
    "subcategory_url": "https://www.rohlik.cz/c300105010-ochucene"
  },
  {
    "name": "Rohlik.cz Hustej jogurt s müsli a hořkou čokoládou mini",
    "price": "67,90 Kč",
    "unit_price": "377.22 Kč/kg",
    "package_amount": "180 g",
    "subcategory_name": "Jogurty - Ochucené",
    "subcategory_url": "https://www.rohlik.cz/c300105010-ochucene"
  },
  {
    "name": "Hollandia Selský jogurt jahoda",
    "price": "32,90 Kč",
    "unit_price": "99.7 Kč/kg",
    "package_amount": "330 g",
    "subcategory_name": "Jogurty - Ochucené",
    "subcategory_url": "https://www.rohlik.cz/c300105010-ochucene"
  },
  {
    "name": "Mlékárna Ohaře Jogurt broskvový",
    "price": "48,50 Kč",
    "unit_price": "210.87 Kč/kg",
    "package_amount": "230 g",
    "subcategory_name": "Jogurty - Ochucené",
    "subcategory_url": "https://www.rohlik.cz/c300105010-ochucene"
  },
  {
    "name": "Hollandia Selský jogurt čokoláda",
    "price": "32,90 Kč",
    "unit_price": "99.7 Kč/kg",
    "package_amount": "330 g",
    "subcategory_name": "Jogurty - Ochucené",
    "subcategory_url": "https://www.rohlik.cz/c300105010-ochucene"
  },
  {
    "name": "Hollandia Selský jogurt borůvka",
    "price": "32,90 Kč",
    "unit_price": "99.7 Kč/kg",
    "package_amount": "330 g",
    "subcategory_name": "Jogurty - Ochucené",
    "subcategory_url": "https://www.rohlik.cz/c300105010-ochucene"
  },
  {
    "name": "Madeta Jihočeský Nature jahodový jogurt bez laktózy",
    "price": "18,90 Kč",
    "unit_price": "126 Kč/kg",
    "package_amount": "150 g",
    "subcategory_name": "Jogurty - Ochucené",
    "subcategory_url": "https://www.rohlik.cz/c300105010-ochucene"
  },
  {
    "name": "Rodopi Jogurt bulharského typu vanilka",
    "price": "44,90 Kč",
    "unit_price": "224.5 Kč/kg",
    "package_amount": "200 g",
    "subcategory_name": "Jogurty - Ochucené",
    "subcategory_url": "https://www.rohlik.cz/c300105010-ochucene"
  },
  {
    "name": "Bon Lait Ovčí jogurt stracciatella",
    "price": "34,90 Kč",
    "unit_price": "232.67 Kč/kg",
    "package_amount": "150 g",
    "subcategory_name": "Jogurty - Ochucené",
    "subcategory_url": "https://www.rohlik.cz/c300105010-ochucene"
  },
  {
    "name": "Rians Ovčí jogurt Broskve a meruňky",
    "price": "51,50 Kč",
    "unit_price": "447.83 Kč/kg",
    "package_amount": "115 g",
    "subcategory_name": "Jogurty - Ochucené",
    "subcategory_url": "https://www.rohlik.cz/c300105010-ochucene"
  },
  {
    "name": "Biofarma DoRa Kozí jogurt ochucený meruňkou",
    "price": "31,90 Kč",
    "unit_price": "212.67 Kč/kg",
    "package_amount": "150 g",
    "subcategory_name": "Jogurty - Ochucené",
    "subcategory_url": "https://www.rohlik.cz/c300105010-ochucene"
  },
  {
    "name": "Mlékárna Ohaře Jogurt čokoládový",
    "price": "48,50 Kč",
    "unit_price": "210.87 Kč/kg",
    "package_amount": "230 g",
    "subcategory_name": "Jogurty - Ochucené",
    "subcategory_url": "https://www.rohlik.cz/c300105010-ochucene"
  },
  {
    "name": "Rodopi Jogurt bulharského typu malina",
    "price": "44,90 Kč",
    "unit_price": "224.5 Kč/kg",
    "package_amount": "200 g",
    "subcategory_name": "Jogurty - Ochucené",
    "subcategory_url": "https://www.rohlik.cz/c300105010-ochucene"
  },
  {
    "name": "Biofarma DoRa Kozí jogurt ochucený borůvkou",
    "price": "31,90 Kč",
    "unit_price": "212.67 Kč/kg",
    "package_amount": "150 g",
    "subcategory_name": "Jogurty - Ochucené",
    "subcategory_url": "https://www.rohlik.cz/c300105010-ochucene"
  },
  {
    "name": "Fantasia Jogurt s malinami, červeným rybízem a kousky čokolády",
    "price": "21,90 Kč",
    "unit_price": "188.79 Kč/kg",
    "package_amount": "116 g",
    "subcategory_name": "Jogurty - Ochucené",
    "subcategory_url": "https://www.rohlik.cz/c300105010-ochucene"
  },
  {
    "name": "Sterzing-Vipiteno Plnotučný jogurt med a meduňka",
    "price": "38,80 Kč",
    "unit_price": "258.67 Kč/kg",
    "package_amount": "150 g",
    "subcategory_name": "Jogurty - Ochucené",
    "subcategory_url": "https://www.rohlik.cz/c300105010-ochucene"
  },
  {
    "name": "Erlebnis Sennerei Jogurt z louky s příchutí jahody 3,5 %",
    "price": "33,90 Kč",
    "unit_price": "188.33 Kč/kg",
    "package_amount": "180 g",
    "subcategory_name": "Jogurty - Ochucené",
    "subcategory_url": "https://www.rohlik.cz/c300105010-ochucene"
  },
  {
    "name": "Statek Horní Dvorce Ovčí jogurt borůvkový",
    "price": "57,90 Kč",
    "unit_price": "386 Kč/l",
    "package_amount": "150 ml",
    "subcategory_name": "Jogurty - Ochucené",
    "subcategory_url": "https://www.rohlik.cz/c300105010-ochucene"
  },
  {
    "name": "Olma Florian smetanový jogurt vanilka",
    "price": "17,90 Kč",
    "unit_price": "119.33 Kč/kg",
    "package_amount": "150 g",
    "subcategory_name": "Jogurty - Ochucené",
    "subcategory_url": "https://www.rohlik.cz/c300105010-ochucene"
  },
  {
    "name": "Rodopi Jogurt bulharského typu čokoláda",
    "price": "44,90 Kč",
    "unit_price": "224.5 Kč/kg",
    "package_amount": "200 g",
    "subcategory_name": "Jogurty - Ochucené",
    "subcategory_url": "https://www.rohlik.cz/c300105010-ochucene"
  },
  {
    "name": "Erlebnis Sennerei Jogurt z louky s příchutí borůvky 3,5 %",
    "price": "33,90 Kč",
    "unit_price": "188.33 Kč/kg",
    "package_amount": "180 g",
    "subcategory_name": "Jogurty - Ochucené",
    "subcategory_url": "https://www.rohlik.cz/c300105010-ochucene"
  },
  {
    "name": "Bon Lait Kozí jogurt stracciatella",
    "price": "33,90 Kč",
    "unit_price": "226 Kč/kg",
    "package_amount": "150 g",
    "subcategory_name": "Jogurty - Ochucené",
    "subcategory_url": "https://www.rohlik.cz/c300105010-ochucene"
  },
  {
    "name": "Statek Horní Dvorce Ovčí jogurt jahodový",
    "price": "57,90 Kč",
    "unit_price": "386 Kč/l",
    "package_amount": "150 ml",
    "subcategory_name": "Jogurty - Ochucené",
    "subcategory_url": "https://www.rohlik.cz/c300105010-ochucene"
  },
  {
    "name": "Bohemilk Opočenský vanilkový jogurt",
    "price": "91,40 Kč",
    "unit_price": "91.4 Kč/kg",
    "package_amount": "1 kg",
    "subcategory_name": "Jogurty - Ochucené",
    "subcategory_url": "https://www.rohlik.cz/c300105010-ochucene"
  },
  {
    "name": "Farma rodiny Němcovy Jogurt s jahodami",
    "price": "64,90 Kč",
    "unit_price": "202.81 Kč/kg",
    "package_amount": "320 g",
    "subcategory_name": "Jogurty - Ochucené",
    "subcategory_url": "https://www.rohlik.cz/c300105010-ochucene"
  },
  {
    "name": "Bon Lait Ovčí jogurt slaný karamel",
    "price": "34,90 Kč",
    "unit_price": "232.67 Kč/kg",
    "package_amount": "150 g",
    "subcategory_name": "Jogurty - Ochucené",
    "subcategory_url": "https://www.rohlik.cz/c300105010-ochucene"
  },
  {
    "name": "Farma rodiny Němcovy Farmářský jogurt s karamelem",
    "price": "30,90 Kč",
    "unit_price": "206 Kč/kg",
    "package_amount": "150 g",
    "subcategory_name": "Jogurty - Ochucené",
    "subcategory_url": "https://www.rohlik.cz/c300105010-ochucene"
  },
  {
    "name": "Bon Lait Kozí Jogurt slaný karamel",
    "price": "35,90 Kč",
    "unit_price": "239.33 Kč/kg",
    "package_amount": "150 g",
    "subcategory_name": "Jogurty - Ochucené",
    "subcategory_url": "https://www.rohlik.cz/c300105010-ochucene"
  },
  {
    "name": "Rohlik.cz Hustej jogurt s müsli, karamelem a ořechy mini",
    "price": "67,90 Kč",
    "unit_price": "377.22 Kč/kg",
    "package_amount": "180 g",
    "subcategory_name": "Jogurty - Ochucené",
    "subcategory_url": "https://www.rohlik.cz/c300105010-ochucene"
  },
  {
    "name": "Sterzing-Vipiteno Plnotučný jogurt stracciatella 2×125 g",
    "price": "38,80 Kč",
    "unit_price": "155.2 Kč/kg",
    "package_amount": "250 g",
    "subcategory_name": "Jogurty - Ochucené",
    "subcategory_url": "https://www.rohlik.cz/c300105010-ochucene"
  },
  {
    "name": "Sterzing-Vipiteno Jogurt plnotučný jahoda",
    "price": "43,70 Kč",
    "unit_price": "291.33 Kč/kg",
    "package_amount": "150 g",
    "subcategory_name": "Jogurty - Ochucené",
    "subcategory_url": "https://www.rohlik.cz/c300105010-ochucene"
  },
  {
    "name": "Fantasia Dezert jahoda",
    "price": "23,90 Kč",
    "unit_price": "191.2 Kč/kg",
    "package_amount": "125 g",
    "subcategory_name": "Jogurty - Ochucené",
    "subcategory_url": "https://www.rohlik.cz/c300105010-ochucene"
  },
  {
    "name": "Sterzing-Vipiteno Jogurt plnotučný káva",
    "price": "43,70 Kč",
    "unit_price": "291.33 Kč/kg",
    "package_amount": "150 g",
    "subcategory_name": "Jogurty - Ochucené",
    "subcategory_url": "https://www.rohlik.cz/c300105010-ochucene"
  },
  {
    "name": "Paturages Jogurt pro děti mix příchutí 16×125 g",
    "price": "139,90 Kč",
    "unit_price": "69.95 Kč/kg",
    "package_amount": "2 kg",
    "subcategory_name": "Jogurty - Ochucené",
    "subcategory_url": "https://www.rohlik.cz/c300105010-ochucene"
  },
  {
    "name": "Müller Mousse jahoda (2×95 g)",
    "price": "36,90 Kč",
    "unit_price": "194.21 Kč/kg",
    "package_amount": "190 g",
    "subcategory_name": "Jogurty - Ochucené",
    "subcategory_url": "https://www.rohlik.cz/c300105010-ochucene"
  },
  {
    "name": "Miil Smetanový jogurt bílý, kapsička",
    "price": "16,90 Kč",
    "unit_price": "140.83 Kč/kg",
    "package_amount": "120 g",
    "subcategory_name": "Jogurty - Dětské dezerty",
    "subcategory_url": "https://www.rohlik.cz/c300123542-detske-dezerty-tycinky-a-rezy"
  },
  {
    "name": "Pribináček velký vanilkový",
    "price": "21,90 Kč",
    "unit_price": "175.2 Kč/kg",
    "package_amount": "125 g",
    "subcategory_name": "Jogurty - Dětské dezerty",
    "subcategory_url": "https://www.rohlik.cz/c300123542-detske-dezerty-tycinky-a-rezy"
  },
  {
    "name": "Miil Sloník tvarohový dezert vanilkový",
    "price": "16,90 Kč",
    "unit_price": "130 Kč/kg",
    "package_amount": "130 g",
    "subcategory_name": "Jogurty - Dětské dezerty",
    "subcategory_url": "https://www.rohlik.cz/c300123542-detske-dezerty-tycinky-a-rezy"
  },
  {
    "name": "Miil Sloník DUO tvarohový dezert vanilka kakao",
    "price": "16,90 Kč",
    "unit_price": "130 Kč/kg",
    "package_amount": "130 g",
    "subcategory_name": "Jogurty - Dětské dezerty",
    "subcategory_url": "https://www.rohlik.cz/c300123542-detske-dezerty-tycinky-a-rezy"
  },
  {
    "name": "Miil Sloník tvarohový dezert kakaový",
    "price": "16,90 Kč",
    "unit_price": "130 Kč/kg",
    "package_amount": "130 g",
    "subcategory_name": "Jogurty - Dětské dezerty",
    "subcategory_url": "https://www.rohlik.cz/c300123542-detske-dezerty-tycinky-a-rezy"
  },
  {
    "name": "Miil Krémový jogurt jahoda, kapsička",
    "price": "16,90 Kč",
    "unit_price": "140.83 Kč/kg",
    "package_amount": "120 g",
    "subcategory_name": "Jogurty - Dětské dezerty",
    "subcategory_url": "https://www.rohlik.cz/c300123542-detske-dezerty-tycinky-a-rezy"
  },
  {
    "name": "Pribináček Kapsík vanilka",
    "price": "19,90 Kč",
    "unit_price": "284.29 Kč/kg",
    "package_amount": "70 g",
    "subcategory_name": "Jogurty - Dětské dezerty",
    "subcategory_url": "https://www.rohlik.cz/c300123542-detske-dezerty-tycinky-a-rezy"
  },
  {
    "name": "Milko Tvaroháček kakaový",
    "price": "10,90 Kč",
    "unit_price": "121.11 Kč/kg",
    "package_amount": "90 g",
    "subcategory_name": "Jogurty - Dětské dezerty",
    "subcategory_url": "https://www.rohlik.cz/c300123542-detske-dezerty-tycinky-a-rezy"
  },
  {
    "name": "Miil Krémový jogurt banán, kapsička",
    "price": "16,90 Kč",
    "unit_price": "140.83 Kč/kg",
    "package_amount": "120 g",
    "subcategory_name": "Jogurty - Dětské dezerty",
    "subcategory_url": "https://www.rohlik.cz/c300123542-detske-dezerty-tycinky-a-rezy"
  },
  {
    "name": "Kostíci Barvíci jogurt vanilkový",
    "price": "21,90 Kč",
    "unit_price": "200.92 Kč/kg",
    "package_amount": "109 g",
    "subcategory_name": "Jogurty - Dětské dezerty",
    "subcategory_url": "https://www.rohlik.cz/c300123542-detske-dezerty-tycinky-a-rezy"
  },
  {
    "name": "Madeta Lipánek Maxi DUO kakaovo-vanilkový",
    "price": "22,90 Kč",
    "unit_price": "176.15 Kč/kg",
    "package_amount": "130 g",
    "subcategory_name": "Jogurty - Dětské dezerty",
    "subcategory_url": "https://www.rohlik.cz/c300123542-detske-dezerty-tycinky-a-rezy"
  },
  {
    "name": "Milko Tvaroháček vanilkový",
    "price": "10,90 Kč",
    "unit_price": "121.11 Kč/kg",
    "package_amount": "90 g",
    "subcategory_name": "Jogurty - Dětské dezerty",
    "subcategory_url": "https://www.rohlik.cz/c300123542-detske-dezerty-tycinky-a-rezy"
  },
  {
    "name": "Miil Krémový jogurt borůvka, kapsička",
    "price": "16,90 Kč",
    "unit_price": "140.83 Kč/kg",
    "package_amount": "120 g",
    "subcategory_name": "Jogurty - Dětské dezerty",
    "subcategory_url": "https://www.rohlik.cz/c300123542-detske-dezerty-tycinky-a-rezy"
  },
  {
    "name": "Pribináček Kapsík kakao",
    "price": "19,90 Kč",
    "unit_price": "284.29 Kč/kg",
    "package_amount": "70 g",
    "subcategory_name": "Jogurty - Dětské dezerty",
    "subcategory_url": "https://www.rohlik.cz/c300123542-detske-dezerty-tycinky-a-rezy"
  },
  {
    "name": "Pribináček Tyčinka s tvarrrohem",
    "price": "11,90 Kč",
    "unit_price": "313.16 Kč/kg",
    "package_amount": "38 g",
    "subcategory_name": "Jogurty - Dětské dezerty",
    "subcategory_url": "https://www.rohlik.cz/c300123542-detske-dezerty-tycinky-a-rezy"
  },
  {
    "name": "Matylda BIO Tvarohový dezert čokoláda",
    "price": "19,90 Kč",
    "unit_price": "159.2 Kč/kg",
    "package_amount": "125 g",
    "subcategory_name": "Jogurty - Dětské dezerty",
    "subcategory_url": "https://www.rohlik.cz/c300123542-detske-dezerty-tycinky-a-rezy"
  },
  {
    "name": "Matylda BIO Tvarohový dezert vanilka",
    "price": "19,90 Kč",
    "unit_price": "159.2 Kč/kg",
    "package_amount": "125 g",
    "subcategory_name": "Jogurty - Dětské dezerty",
    "subcategory_url": "https://www.rohlik.cz/c300123542-detske-dezerty-tycinky-a-rezy"
  },
  {
    "name": "Madeta Lipánek Maxi vanilkový",
    "price": "22,90 Kč",
    "unit_price": "176.15 Kč/kg",
    "package_amount": "130 g",
    "subcategory_name": "Jogurty - Dětské dezerty",
    "subcategory_url": "https://www.rohlik.cz/c300123542-detske-dezerty-tycinky-a-rezy"
  },
  {
    "name": "Milko Tvaroháček kakaový",
    "price": "15,90 Kč",
    "unit_price": "122.31 Kč/kg",
    "package_amount": "130 g",
    "subcategory_name": "Jogurty - Dětské dezerty",
    "subcategory_url": "https://www.rohlik.cz/c300123542-detske-dezerty-tycinky-a-rezy"
  },
  {
    "name": "Pribináček Kapsík jahoda",
    "price": "19,90 Kč",
    "unit_price": "284.29 Kč/kg",
    "package_amount": "70 g",
    "subcategory_name": "Jogurty - Dětské dezerty",
    "subcategory_url": "https://www.rohlik.cz/c300123542-detske-dezerty-tycinky-a-rezy"
  },
  {
    "name": "Milko Tvaroháček smetanový",
    "price": "10,90 Kč",
    "unit_price": "121.11 Kč/kg",
    "package_amount": "90 g",
    "subcategory_name": "Jogurty - Dětské dezerty",
    "subcategory_url": "https://www.rohlik.cz/c300123542-detske-dezerty-tycinky-a-rezy"
  },
  {
    "name": "Pribináček vanilka dezert",
    "price": "19,90 Kč",
    "unit_price": "284.29 Kč/kg",
    "package_amount": "70 g",
    "subcategory_name": "Jogurty - Dětské dezerty",
    "subcategory_url": "https://www.rohlik.cz/c300123542-detske-dezerty-tycinky-a-rezy"
  },
  {
    "name": "Pribináček Mixík dezert kakao a vanilka",
    "price": "21,90 Kč",
    "unit_price": "175.2 Kč/kg",
    "package_amount": "125 g",
    "subcategory_name": "Jogurty - Dětské dezerty",
    "subcategory_url": "https://www.rohlik.cz/c300123542-detske-dezerty-tycinky-a-rezy"
  },
  {
    "name": "Pribináček Natur",
    "price": "21,90 Kč",
    "unit_price": "175.2 Kč/kg",
    "package_amount": "125 g",
    "subcategory_name": "Jogurty - Dětské dezerty",
    "subcategory_url": "https://www.rohlik.cz/c300123542-detske-dezerty-tycinky-a-rezy"
  },
  {
    "name": "Matylda BIO Tvarohový dezert jahoda",
    "price": "19,90 Kč",
    "unit_price": "159.2 Kč/kg",
    "package_amount": "125 g",
    "subcategory_name": "Jogurty - Dětské dezerty",
    "subcategory_url": "https://www.rohlik.cz/c300123542-detske-dezerty-tycinky-a-rezy"
  },
  {
    "name": "Pribináček velký kakaový",
    "price": "21,90 Kč",
    "unit_price": "175.2 Kč/kg",
    "package_amount": "125 g",
    "subcategory_name": "Jogurty - Dětské dezerty",
    "subcategory_url": "https://www.rohlik.cz/c300123542-detske-dezerty-tycinky-a-rezy"
  },
  {
    "name": "Kinder Mléčný řez rodinné balení 10×28 g",
    "price": "144,90 Kč",
    "unit_price": "517.5 Kč/kg",
    "package_amount": "280 g",
    "subcategory_name": "Jogurty - Dětské dezerty",
    "subcategory_url": "https://www.rohlik.cz/c300123542-detske-dezerty-tycinky-a-rezy"
  },
  {
    "name": "Madeta Lipánek Maxi kakaový",
    "price": "22,90 Kč",
    "unit_price": "176.15 Kč/kg",
    "package_amount": "130 g",
    "subcategory_name": "Jogurty - Dětské dezerty",
    "subcategory_url": "https://www.rohlik.cz/c300123542-detske-dezerty-tycinky-a-rezy"
  },
  {
    "name": "Kinder Mléčný řez",
    "price": "18,90 Kč",
    "unit_price": "675 Kč/kg",
    "package_amount": "28 g",
    "subcategory_name": "Jogurty - Dětské dezerty",
    "subcategory_url": "https://www.rohlik.cz/c300123542-detske-dezerty-tycinky-a-rezy"
  },
  {
    "name": "Milko Tvaroháček vanilkový",
    "price": "15,90 Kč",
    "unit_price": "122.31 Kč/kg",
    "package_amount": "130 g",
    "subcategory_name": "Jogurty - Dětské dezerty",
    "subcategory_url": "https://www.rohlik.cz/c300123542-detske-dezerty-tycinky-a-rezy"
  },
  {
    "name": "Matylda BIO Tvarohový dezert bílý",
    "price": "19,90 Kč",
    "unit_price": "159.2 Kč/kg",
    "package_amount": "125 g",
    "subcategory_name": "Jogurty - Dětské dezerty",
    "subcategory_url": "https://www.rohlik.cz/c300123542-detske-dezerty-tycinky-a-rezy"
  },
  {
    "name": "Zott Monte dezert",
    "price": "27,90 Kč",
    "unit_price": "186 Kč/kg",
    "package_amount": "150 g",
    "subcategory_name": "Jogurty - Dětské dezerty",
    "subcategory_url": "https://www.rohlik.cz/c300123542-detske-dezerty-tycinky-a-rezy"
  },
  {
    "name": "Madeta Lipánek smetanový s nízkým obsahem laktózy < 0,01%",
    "price": "24,90 Kč",
    "unit_price": "191.54 Kč/kg",
    "package_amount": "130 g",
    "subcategory_name": "Jogurty - Dětské dezerty",
    "subcategory_url": "https://www.rohlik.cz/c300123542-detske-dezerty-tycinky-a-rezy"
  },
  {
    "name": "Bobík Maxi smetanový krém s vanilkovou příchutí",
    "price": "19,90 Kč",
    "unit_price": "153.08 Kč/kg",
    "package_amount": "130 g",
    "subcategory_name": "Jogurty - Dětské dezerty",
    "subcategory_url": "https://www.rohlik.cz/c300123542-detske-dezerty-tycinky-a-rezy"
  },
  {
    "name": "Milko Tvaroháček smetanový",
    "price": "15,90 Kč",
    "unit_price": "122.31 Kč/kg",
    "package_amount": "130 g",
    "subcategory_name": "Jogurty - Dětské dezerty",
    "subcategory_url": "https://www.rohlik.cz/c300123542-detske-dezerty-tycinky-a-rezy"
  },
  {
    "name": "Zott Monte -30 % cukru 4×55 g",
    "price": "32,90 Kč",
    "unit_price": "149.55 Kč/kg",
    "package_amount": "220 g",
    "subcategory_name": "Jogurty - Dětské dezerty",
    "subcategory_url": "https://www.rohlik.cz/c300123542-detske-dezerty-tycinky-a-rezy"
  },
  {
    "name": "Pribináček smetanový",
    "price": "21,90 Kč",
    "unit_price": "175.2 Kč/kg",
    "package_amount": "125 g",
    "subcategory_name": "Jogurty - Dětské dezerty",
    "subcategory_url": "https://www.rohlik.cz/c300123542-detske-dezerty-tycinky-a-rezy"
  },
  {
    "name": "Madeta Lipánek tvarohový",
    "price": "22,90 Kč",
    "unit_price": "176.15 Kč/kg",
    "package_amount": "130 g",
    "subcategory_name": "Jogurty - Dětské dezerty",
    "subcategory_url": "https://www.rohlik.cz/c300123542-detske-dezerty-tycinky-a-rezy"
  },
  {
    "name": "Pribináček Krupička mléčná",
    "price": "21,90 Kč",
    "unit_price": "156.43 Kč/kg",
    "package_amount": "140 g",
    "subcategory_name": "Jogurty - Dětské dezerty",
    "subcategory_url": "https://www.rohlik.cz/c300123542-detske-dezerty-tycinky-a-rezy"
  },
  {
    "name": "Madeta Lipánek tvarohový kakao",
    "price": "22,90 Kč",
    "unit_price": "176.15 Kč/kg",
    "package_amount": "130 g",
    "subcategory_name": "Jogurty - Dětské dezerty",
    "subcategory_url": "https://www.rohlik.cz/c300123542-detske-dezerty-tycinky-a-rezy"
  },
  {
    "name": "Kinder Pingui rodinné balení 8×30 g",
    "price": "139,90 Kč",
    "unit_price": "582.92 Kč/kg",
    "package_amount": "240 g",
    "subcategory_name": "Jogurty - Dětské dezerty",
    "subcategory_url": "https://www.rohlik.cz/c300123542-detske-dezerty-tycinky-a-rezy"
  },
  {
    "name": "Kostíci Čokoparta jogurt vanilkový",
    "price": "21,90 Kč",
    "unit_price": "204.67 Kč/kg",
    "package_amount": "107 g",
    "subcategory_name": "Jogurty - Dětské dezerty",
    "subcategory_url": "https://www.rohlik.cz/c300123542-detske-dezerty-tycinky-a-rezy"
  },
  {
    "name": "Kinder Maxi King",
    "price": "22,90 Kč",
    "unit_price": "654.29 Kč/kg",
    "package_amount": "35 g",
    "subcategory_name": "Jogurty - Dětské dezerty",
    "subcategory_url": "https://www.rohlik.cz/c300123542-detske-dezerty-tycinky-a-rezy"
  },
  {
    "name": "Olma Jahodový jogurt Tlapková patrola",
    "price": "14,90 Kč",
    "unit_price": "141.9 Kč/kg",
    "package_amount": "105 g",
    "subcategory_name": "Jogurty - Dětské dezerty",
    "subcategory_url": "https://www.rohlik.cz/c300123542-detske-dezerty-tycinky-a-rezy"
  },
  {
    "name": "Pribináček Krupička se skořicí",
    "price": "21,90 Kč",
    "unit_price": "156.43 Kč/kg",
    "package_amount": "140 g",
    "subcategory_name": "Jogurty - Dětské dezerty",
    "subcategory_url": "https://www.rohlik.cz/c300123542-detske-dezerty-tycinky-a-rezy"
  },
  {
    "name": "Pribináček jahodový",
    "price": "21,90 Kč",
    "unit_price": "175.2 Kč/kg",
    "package_amount": "125 g",
    "subcategory_name": "Jogurty - Dětské dezerty",
    "subcategory_url": "https://www.rohlik.cz/c300123542-detske-dezerty-tycinky-a-rezy"
  },
  {
    "name": "Olma Vanilkový jogurt Tlapková patrola",
    "price": "14,90 Kč",
    "unit_price": "141.9 Kč/kg",
    "package_amount": "105 g",
    "subcategory_name": "Jogurty - Dětské dezerty",
    "subcategory_url": "https://www.rohlik.cz/c300123542-detske-dezerty-tycinky-a-rezy"
  },
  {
    "name": "Madeta Lipánek tvarohový vanilka",
    "price": "22,90 Kč",
    "unit_price": "176.15 Kč/kg",
    "package_amount": "130 g",
    "subcategory_name": "Jogurty - Dětské dezerty",
    "subcategory_url": "https://www.rohlik.cz/c300123542-detske-dezerty-tycinky-a-rezy"
  },
  {
    "name": "Kostíci Klauníci jogurt čokoládový",
    "price": "21,90 Kč",
    "unit_price": "200.92 Kč/kg",
    "package_amount": "109 g",
    "subcategory_name": "Jogurty - Dětské dezerty",
    "subcategory_url": "https://www.rohlik.cz/c300123542-detske-dezerty-tycinky-a-rezy"
  },
  {
    "name": "Olma Olmíci Chamallows jahodoví",
    "price": "20,90 Kč",
    "unit_price": "188.29 Kč/kg",
    "package_amount": "111 g",
    "subcategory_name": "Jogurty - Dětské dezerty",
    "subcategory_url": "https://www.rohlik.cz/c300123542-detske-dezerty-tycinky-a-rezy"
  },
  {
    "name": "Kostíci Sladkáči jogurt bílý",
    "price": "21,90 Kč",
    "unit_price": "200.92 Kč/kg",
    "package_amount": "109 g",
    "subcategory_name": "Jogurty - Dětské dezerty",
    "subcategory_url": "https://www.rohlik.cz/c300123542-detske-dezerty-tycinky-a-rezy"
  },
  {
    "name": "Ehrmann Robby puding čokoláda, kapsička",
    "price": "22,90 Kč",
    "unit_price": "254.44 Kč/kg",
    "package_amount": "90 g",
    "subcategory_name": "Jogurty - Dětské dezerty",
    "subcategory_url": "https://www.rohlik.cz/c300123542-detske-dezerty-tycinky-a-rezy"
  },
  {
    "name": "Olma Míša tvarohový mls čokoládový",
    "price": "24,90 Kč",
    "unit_price": "191.54 Kč/kg",
    "package_amount": "130 g",
    "subcategory_name": "Jogurty - Dětské dezerty",
    "subcategory_url": "https://www.rohlik.cz/c300123542-detske-dezerty-tycinky-a-rezy"
  },
  {
    "name": "Zott Monte dezert 4×55 g",
    "price": "32,90 Kč",
    "unit_price": "149.55 Kč/kg",
    "package_amount": "220 g",
    "subcategory_name": "Jogurty - Dětské dezerty",
    "subcategory_url": "https://www.rohlik.cz/c300123542-detske-dezerty-tycinky-a-rezy"
  },
  {
    "name": "Zott Srdíčko puding čokoláda/vanilka 4×125 g",
    "price": "29,10 Kč",
    "unit_price": "58.2 Kč/kg",
    "package_amount": "500 g",
    "subcategory_name": "Jogurty - Dětské dezerty",
    "subcategory_url": "https://www.rohlik.cz/c300123542-detske-dezerty-tycinky-a-rezy"
  },
  {
    "name": "Milka Choco Snack",
    "price": "15,90 Kč",
    "unit_price": "548.28 Kč/kg",
    "package_amount": "29 g",
    "subcategory_name": "Jogurty - Dětské dezerty",
    "subcategory_url": "https://www.rohlik.cz/c300123542-detske-dezerty-tycinky-a-rezy"
  },
  {
    "name": "Pribináček banánový",
    "price": "21,90 Kč",
    "unit_price": "175.2 Kč/kg",
    "package_amount": "125 g",
    "subcategory_name": "Jogurty - Dětské dezerty",
    "subcategory_url": "https://www.rohlik.cz/c300123542-detske-dezerty-tycinky-a-rezy"
  },
  {
    "name": "Kostíci Kapsička čokoláda",
    "price": "22,90 Kč",
    "unit_price": "176.15 Kč/kg",
    "package_amount": "130 g",
    "subcategory_name": "Jogurty - Dětské dezerty",
    "subcategory_url": "https://www.rohlik.cz/c300123542-detske-dezerty-tycinky-a-rezy"
  },
  {
    "name": "Olma Olmíci jogurtoví vanilkoví s Haribo Tropi frutti",
    "price": "20,90 Kč",
    "unit_price": "172.73 Kč/kg",
    "package_amount": "121 g",
    "subcategory_name": "Jogurty - Dětské dezerty",
    "subcategory_url": "https://www.rohlik.cz/c300123542-detske-dezerty-tycinky-a-rezy"
  },
  {
    "name": "Kinder Pinguí",
    "price": "22,90 Kč",
    "unit_price": "763.33 Kč/kg",
    "package_amount": "30 g",
    "subcategory_name": "Jogurty - Dětské dezerty",
    "subcategory_url": "https://www.rohlik.cz/c300123542-detske-dezerty-tycinky-a-rezy"
  },
  {
    "name": "Zott Monte -30 % cukru",
    "price": "27,90 Kč",
    "unit_price": "186 Kč/kg",
    "package_amount": "150 g",
    "subcategory_name": "Jogurty - Dětské dezerty",
    "subcategory_url": "https://www.rohlik.cz/c300123542-detske-dezerty-tycinky-a-rezy"
  },
  {
    "name": "Olma Olmíci Lotus vanilkoví",
    "price": "19,90 Kč",
    "unit_price": "173.04 Kč/kg",
    "package_amount": "115 g",
    "subcategory_name": "Jogurty - Dětské dezerty",
    "subcategory_url": "https://www.rohlik.cz/c300123542-detske-dezerty-tycinky-a-rezy"
  },
  {
    "name": "Pribináček kakaový dezert",
    "price": "19,90 Kč",
    "unit_price": "284.29 Kč/kg",
    "package_amount": "70 g",
    "subcategory_name": "Jogurty - Dětské dezerty",
    "subcategory_url": "https://www.rohlik.cz/c300123542-detske-dezerty-tycinky-a-rezy"
  },
  {
    "name": "Olma Olmíci Maty smetanový s oříšky",
    "price": "18,90 Kč",
    "unit_price": "171.82 Kč/kg",
    "package_amount": "110 g",
    "subcategory_name": "Jogurty - Dětské dezerty",
    "subcategory_url": "https://www.rohlik.cz/c300123542-detske-dezerty-tycinky-a-rezy"
  },
  {
    "name": "Bobík Maxi smetanový krém čokoládový",
    "price": "19,90 Kč",
    "unit_price": "153.08 Kč/kg",
    "package_amount": "130 g",
    "subcategory_name": "Jogurty - Dětské dezerty",
    "subcategory_url": "https://www.rohlik.cz/c300123542-detske-dezerty-tycinky-a-rezy"
  },
  {
    "name": "Kinder Chocofresh",
    "price": "76,90 Kč",
    "unit_price": "732.38 Kč/kg",
    "package_amount": "105 g",
    "subcategory_name": "Jogurty - Dětské dezerty",
    "subcategory_url": "https://www.rohlik.cz/c300123542-detske-dezerty-tycinky-a-rezy"
  },
  {
    "name": "Zott Monte dezert 2×100 g",
    "price": "32,90 Kč",
    "unit_price": "164.5 Kč/kg",
    "package_amount": "200 g",
    "subcategory_name": "Jogurty - Dětské dezerty",
    "subcategory_url": "https://www.rohlik.cz/c300123542-detske-dezerty-tycinky-a-rezy"
  },
  {
    "name": "Eti Mléčný burger med",
    "price": "13,90 Kč",
    "unit_price": "397.14 Kč/kg",
    "package_amount": "35 g",
    "subcategory_name": "Jogurty - Dětské dezerty",
    "subcategory_url": "https://www.rohlik.cz/c300123542-detske-dezerty-tycinky-a-rezy"
  },
  {
    "name": "Olma Míša tvarohový mls smetanový",
    "price": "24,90 Kč",
    "unit_price": "191.54 Kč/kg",
    "package_amount": "130 g",
    "subcategory_name": "Jogurty - Dětské dezerty",
    "subcategory_url": "https://www.rohlik.cz/c300123542-detske-dezerty-tycinky-a-rezy"
  },
  {
    "name": "Mlékárna Řetová Sloupnický A2 Dezert čokoládový",
    "price": "48,50 Kč",
    "unit_price": "285.29 Kč/kg",
    "package_amount": "170 g",
    "subcategory_name": "Jogurty - Dětské dezerty",
    "subcategory_url": "https://www.rohlik.cz/c300123542-detske-dezerty-tycinky-a-rezy"
  },
  {
    "name": "Pribináček Mixík kakao a vanilka",
    "price": "19,90 Kč",
    "unit_price": "284.29 Kč/kg",
    "package_amount": "70 g",
    "subcategory_name": "Jogurty - Dětské dezerty",
    "subcategory_url": "https://www.rohlik.cz/c300123542-detske-dezerty-tycinky-a-rezy"
  },
  {
    "name": "Oreo Fresh Milk Snack",
    "price": "15,90 Kč",
    "unit_price": "530 Kč/kg",
    "package_amount": "30 g",
    "subcategory_name": "Jogurty - Dětské dezerty",
    "subcategory_url": "https://www.rohlik.cz/c300123542-detske-dezerty-tycinky-a-rezy"
  },
  {
    "name": "Zott Monte snack",
    "price": "14,90 Kč",
    "unit_price": "513.79 Kč/kg",
    "package_amount": "29 g",
    "subcategory_name": "Jogurty - Dětské dezerty",
    "subcategory_url": "https://www.rohlik.cz/c300123542-detske-dezerty-tycinky-a-rezy"
  },
  {
    "name": "Zott Monte White",
    "price": "27,90 Kč",
    "unit_price": "186 Kč/kg",
    "package_amount": "150 g",
    "subcategory_name": "Jogurty - Dětské dezerty",
    "subcategory_url": "https://www.rohlik.cz/c300123542-detske-dezerty-tycinky-a-rezy"
  },
  {
    "name": "Bobík Maxi smetanový krém čokovanilka",
    "price": "19,90 Kč",
    "unit_price": "153.08 Kč/kg",
    "package_amount": "130 g",
    "subcategory_name": "Jogurty - Dětské dezerty",
    "subcategory_url": "https://www.rohlik.cz/c300123542-detske-dezerty-tycinky-a-rezy"
  },
  {
    "name": "Pribináček dezert smetanový",
    "price": "19,90 Kč",
    "unit_price": "284.29 Kč/kg",
    "package_amount": "70 g",
    "subcategory_name": "Jogurty - Dětské dezerty",
    "subcategory_url": "https://www.rohlik.cz/c300123542-detske-dezerty-tycinky-a-rezy"
  },
  {
    "name": "Olma Míšánek Tvarohová svačinka jahoda",
    "price": "17,90 Kč",
    "unit_price": "198.89 Kč/kg",
    "package_amount": "90 g",
    "subcategory_name": "Jogurty - Dětské dezerty",
    "subcategory_url": "https://www.rohlik.cz/c300123542-detske-dezerty-tycinky-a-rezy"
  },
  {
    "name": "Kostíci Kapsička vanilka",
    "price": "22,90 Kč",
    "unit_price": "176.15 Kč/kg",
    "package_amount": "130 g",
    "subcategory_name": "Jogurty - Dětské dezerty",
    "subcategory_url": "https://www.rohlik.cz/c300123542-detske-dezerty-tycinky-a-rezy"
  },
  {
    "name": "Olma Míšánek Tvarohová svačinka borůvka",
    "price": "17,90 Kč",
    "unit_price": "198.89 Kč/kg",
    "package_amount": "90 g",
    "subcategory_name": "Jogurty - Dětské dezerty",
    "subcategory_url": "https://www.rohlik.cz/c300123542-detske-dezerty-tycinky-a-rezy"
  },
  {
    "name": "Zott Srdíčko puding vanilka/čokoláda 4×125 g",
    "price": "29,10 Kč",
    "unit_price": "58.2 Kč/kg",
    "package_amount": "500 g",
    "subcategory_name": "Jogurty - Dětské dezerty",
    "subcategory_url": "https://www.rohlik.cz/c300123542-detske-dezerty-tycinky-a-rezy"
  },
  {
    "name": "Eti Mléčný burger kakao a med",
    "price": "13,90 Kč",
    "unit_price": "397.14 Kč/kg",
    "package_amount": "35 g",
    "subcategory_name": "Jogurty - Dětské dezerty",
    "subcategory_url": "https://www.rohlik.cz/c300123542-detske-dezerty-tycinky-a-rezy"
  },
  {
    "name": "Paturages Tvarohové dezerty pro děti s ovocnou příchutí 12×50 g",
    "price": "84,90 Kč",
    "unit_price": "141.5 Kč/kg",
    "package_amount": "0,6 kg",
    "subcategory_name": "Jogurty - Dětské dezerty",
    "subcategory_url": "https://www.rohlik.cz/c300123542-detske-dezerty-tycinky-a-rezy"
  },
  {
    "name": "Zott Monte XXL mega dezert",
    "price": "57,90 Kč",
    "unit_price": "144.75 Kč/kg",
    "package_amount": "400 g",
    "subcategory_name": "Jogurty - Dětské dezerty",
    "subcategory_url": "https://www.rohlik.cz/c300123542-detske-dezerty-tycinky-a-rezy"
  },
  {
    "name": "Madeta Lipánek Mini vanilkový",
    "price": "16,90 Kč",
    "unit_price": "211.25 Kč/kg",
    "package_amount": "80 g",
    "subcategory_name": "Jogurty - Dětské dezerty",
    "subcategory_url": "https://www.rohlik.cz/c300123542-detske-dezerty-tycinky-a-rezy"
  },
  {
    "name": "Zott Monte snack 8×29 g",
    "price": "88,90 Kč",
    "unit_price": "383.19 Kč/kg",
    "package_amount": "232 g",
    "subcategory_name": "Jogurty - Dětské dezerty",
    "subcategory_url": "https://www.rohlik.cz/c300123542-detske-dezerty-tycinky-a-rezy"
  },
  {
    "name": "Madeta Lipánek Duo Mini vanilka-kakao",
    "price": "16,90 Kč",
    "unit_price": "211.25 Kč/kg",
    "package_amount": "80 g",
    "subcategory_name": "Jogurty - Dětské dezerty",
    "subcategory_url": "https://www.rohlik.cz/c300123542-detske-dezerty-tycinky-a-rezy"
  },
  {
    "name": "Muesli Fresh tyčinka hruška-jablko (1 kus)",
    "price": "38,80 Kč",
    "unit_price": "705.45 Kč/kg",
    "package_amount": "55 g",
    "subcategory_name": "Jogurty - Dětské dezerty",
    "subcategory_url": "https://www.rohlik.cz/c300123542-detske-dezerty-tycinky-a-rezy"
  },
  {
    "name": "Tami Dráčik dezert bez laktózy vanilka",
    "price": "17,90 Kč",
    "unit_price": "223.75 Kč/kg",
    "package_amount": "80 g",
    "subcategory_name": "Jogurty - Dětské dezerty",
    "subcategory_url": "https://www.rohlik.cz/c300123542-detske-dezerty-tycinky-a-rezy"
  },
  {
    "name": "Olma Míšánek Tvarohová svačinka vanilka",
    "price": "17,90 Kč",
    "unit_price": "198.89 Kč/kg",
    "package_amount": "90 g",
    "subcategory_name": "Jogurty - Dětské dezerty",
    "subcategory_url": "https://www.rohlik.cz/c300123542-detske-dezerty-tycinky-a-rezy"
  },
  {
    "name": "Muesli Fresh tyčinka bluma-mandle (1 kus)",
    "price": "38,80 Kč",
    "unit_price": "705.45 Kč/kg",
    "package_amount": "55 g",
    "subcategory_name": "Jogurty - Dětské dezerty",
    "subcategory_url": "https://www.rohlik.cz/c300123542-detske-dezerty-tycinky-a-rezy"
  },
  {
    "name": "HiPP BIO Müsli kapsička ovoce a jogurt",
    "price": "36,90 Kč",
    "unit_price": "369 Kč/kg",
    "package_amount": "100 g",
    "subcategory_name": "Jogurty - Dětské dezerty",
    "subcategory_url": "https://www.rohlik.cz/c300123542-detske-dezerty-tycinky-a-rezy"
  },
  {
    "name": "Zott Monte snack white",
    "price": "14,90 Kč",
    "unit_price": "513.79 Kč/kg",
    "package_amount": "29 g",
    "subcategory_name": "Jogurty - Dětské dezerty",
    "subcategory_url": "https://www.rohlik.cz/c300123542-detske-dezerty-tycinky-a-rezy"
  },
  {
    "name": "Mlékárna Řetová Sloupnický A2 Dezert malinový",
    "price": "48,50 Kč",
    "unit_price": "285.29 Kč/kg",
    "package_amount": "170 g",
    "subcategory_name": "Jogurty - Dětské dezerty",
    "subcategory_url": "https://www.rohlik.cz/c300123542-detske-dezerty-tycinky-a-rezy"
  },
  {
    "name": "Schär Milk Cake bez laktózy 4×26 g",
    "price": "99,90 Kč",
    "unit_price": "960.58 Kč/kg",
    "package_amount": "104 g",
    "subcategory_name": "Jogurty - Dětské dezerty",
    "subcategory_url": "https://www.rohlik.cz/c300123542-detske-dezerty-tycinky-a-rezy"
  },
  {
    "name": "Olma Olmíci piškotoví vanilkoví",
    "price": "20,90 Kč",
    "unit_price": "184.96 Kč/kg",
    "package_amount": "113 g",
    "subcategory_name": "Jogurty - Dětské dezerty",
    "subcategory_url": "https://www.rohlik.cz/c300123542-detske-dezerty-tycinky-a-rezy"
  },
  {
    "name": "Muesli Fresh tyčinka borůvka-bílá čokoláda (1 kus)",
    "price": "38,80 Kč",
    "unit_price": "705.45 Kč/kg",
    "package_amount": "55 g",
    "subcategory_name": "Jogurty - Dětské dezerty",
    "subcategory_url": "https://www.rohlik.cz/c300123542-detske-dezerty-tycinky-a-rezy"
  },
  {
    "name": "Farma Babina Mixík kakaový",
    "price": "41,70 Kč",
    "unit_price": "278 Kč/kg",
    "package_amount": "150 g",
    "subcategory_name": "Jogurty - Dětské dezerty",
    "subcategory_url": "https://www.rohlik.cz/c300123542-detske-dezerty-tycinky-a-rezy"
  },
  {
    "name": "Minions čokoládovo-banánový mléčný snack",
    "price": "15,90 Kč",
    "unit_price": "588.89 Kč/kg",
    "package_amount": "27 g",
    "subcategory_name": "Jogurty - Dětské dezerty",
    "subcategory_url": "https://www.rohlik.cz/c300123542-detske-dezerty-tycinky-a-rezy"
  },
  {
    "name": "Muesli Fresh tyčinka pomeranč-belgická čokoláda (1 kus)",
    "price": "38,80 Kč",
    "unit_price": "705.45 Kč/kg",
    "package_amount": "55 g",
    "subcategory_name": "Jogurty - Dětské dezerty",
    "subcategory_url": "https://www.rohlik.cz/c300123542-detske-dezerty-tycinky-a-rezy"
  },
  {
    "name": "Kostíci Křupíni jogurt vanilkový",
    "price": "21,90 Kč",
    "unit_price": "206.6 Kč/kg",
    "package_amount": "106 g",
    "subcategory_name": "Jogurty - Dětské dezerty",
    "subcategory_url": "https://www.rohlik.cz/c300123542-detske-dezerty-tycinky-a-rezy"
  },
  {
    "name": "Muesli Fresh tyčinka borůvka-banán (1 kus)",
    "price": "38,80 Kč",
    "unit_price": "705.45 Kč/kg",
    "package_amount": "55 g",
    "subcategory_name": "Jogurty - Dětské dezerty",
    "subcategory_url": "https://www.rohlik.cz/c300123542-detske-dezerty-tycinky-a-rezy"
  },
  {
    "name": "HiPP BIO Kapsička broskev, banán, mango a jogurt",
    "price": "36,90 Kč",
    "unit_price": "369 Kč/kg",
    "package_amount": "100 g",
    "subcategory_name": "Jogurty - Dětské dezerty",
    "subcategory_url": "https://www.rohlik.cz/c300123542-detske-dezerty-tycinky-a-rezy"
  },
  {
    "name": "Muesli Fresh tyčinka banán-káva (1 kus)",
    "price": "38,80 Kč",
    "unit_price": "705.45 Kč/kg",
    "package_amount": "55 g",
    "subcategory_name": "Jogurty - Dětské dezerty",
    "subcategory_url": "https://www.rohlik.cz/c300123542-detske-dezerty-tycinky-a-rezy"
  },
  {
    "name": "Muesli Fresh tyčinka jablko-skořice (1 kus)",
    "price": "38,80 Kč",
    "unit_price": "705.45 Kč/kg",
    "package_amount": "55 g",
    "subcategory_name": "Jogurty - Dětské dezerty",
    "subcategory_url": "https://www.rohlik.cz/c300123542-detske-dezerty-tycinky-a-rezy"
  },
  {
    "name": "Madeta Lipánek Maxi smetanový",
    "price": "22,90 Kč",
    "unit_price": "176.15 Kč/kg",
    "package_amount": "130 g",
    "subcategory_name": "Jogurty - Dětské dezerty",
    "subcategory_url": "https://www.rohlik.cz/c300123542-detske-dezerty-tycinky-a-rezy"
  },
  {
    "name": "Muesli Fresh tyčinka jahoda-kokos-bílá čokoláda (1 kus)",
    "price": "38,80 Kč",
    "unit_price": "705.45 Kč/kg",
    "package_amount": "55 g",
    "subcategory_name": "Jogurty - Dětské dezerty",
    "subcategory_url": "https://www.rohlik.cz/c300123542-detske-dezerty-tycinky-a-rezy"
  },
  {
    "name": "Andros Jablkovo-jahodové pyré bez přidaného cukru 4×100 g",
    "price": "79,90 Kč",
    "unit_price": "199.75 Kč/kg",
    "package_amount": "400 g",
    "subcategory_name": "Jogurty - Dětské dezerty",
    "subcategory_url": "https://www.rohlik.cz/c300123542-detske-dezerty-tycinky-a-rezy"
  },
  {
    "name": "Muesli Fresh tyčinka chilli-tmavá čokoláda (1 kus)",
    "price": "38,80 Kč",
    "unit_price": "705.45 Kč/kg",
    "package_amount": "55 g",
    "subcategory_name": "Jogurty - Dětské dezerty",
    "subcategory_url": "https://www.rohlik.cz/c300123542-detske-dezerty-tycinky-a-rezy"
  },
  {
    "name": "Farma rodiny Němcovy Tvarohový krém slazený s příchutí čokolády",
    "price": "52,90 Kč",
    "unit_price": "440.83 Kč/kg",
    "package_amount": "120 g",
    "subcategory_name": "Jogurty - Dětské dezerty",
    "subcategory_url": "https://www.rohlik.cz/c300123542-detske-dezerty-tycinky-a-rezy"
  },
  {
    "name": "Olma Olmíci piškotoví čokoládoví",
    "price": "20,90 Kč",
    "unit_price": "184.96 Kč/kg",
    "package_amount": "113 g",
    "subcategory_name": "Jogurty - Dětské dezerty",
    "subcategory_url": "https://www.rohlik.cz/c300123542-detske-dezerty-tycinky-a-rezy"
  },
  {
    "name": "Farma Babina Mixík vanilkový",
    "price": "41,70 Kč",
    "unit_price": "278 Kč/kg",
    "package_amount": "150 g",
    "subcategory_name": "Jogurty - Dětské dezerty",
    "subcategory_url": "https://www.rohlik.cz/c300123542-detske-dezerty-tycinky-a-rezy"
  },
  {
    "name": "Fantasia Tyčinka višňová",
    "price": "14,90 Kč",
    "unit_price": "551.85 Kč/kg",
    "package_amount": "27 g",
    "subcategory_name": "Jogurty - Dětské dezerty",
    "subcategory_url": "https://www.rohlik.cz/c300123542-detske-dezerty-tycinky-a-rezy"
  },
  {
    "name": "Fantasia Tyčinka karamelová",
    "price": "14,90 Kč",
    "unit_price": "551.85 Kč/kg",
    "package_amount": "27 g",
    "subcategory_name": "Jogurty - Dětské dezerty",
    "subcategory_url": "https://www.rohlik.cz/c300123542-detske-dezerty-tycinky-a-rezy"
  },
  {
    "name": "Olma Olmíci Lotus čokoládoví",
    "price": "19,90 Kč",
    "unit_price": "173.04 Kč/kg",
    "package_amount": "115 g",
    "subcategory_name": "Jogurty - Dětské dezerty",
    "subcategory_url": "https://www.rohlik.cz/c300123542-detske-dezerty-tycinky-a-rezy"
  },
  {
    "name": "Andros Jablkovo-mangové pyré bez přidaného cukru 4×100 g",
    "price": "79,90 Kč",
    "unit_price": "199.75 Kč/kg",
    "package_amount": "400 g",
    "subcategory_name": "Jogurty - Dětské dezerty",
    "subcategory_url": "https://www.rohlik.cz/c300123542-detske-dezerty-tycinky-a-rezy"
  },
  {
    "name": "Farma Babina Mixík slaný karamel",
    "price": "41,70 Kč",
    "unit_price": "320.77 Kč/kg",
    "package_amount": "130 g",
    "subcategory_name": "Jogurty - Dětské dezerty",
    "subcategory_url": "https://www.rohlik.cz/c300123542-detske-dezerty-tycinky-a-rezy"
  },
  {
    "name": "Madeta Lipánek Mini kakaový",
    "price": "16,90 Kč",
    "unit_price": "211.25 Kč/kg",
    "package_amount": "80 g",
    "subcategory_name": "Jogurty - Dětské dezerty",
    "subcategory_url": "https://www.rohlik.cz/c300123542-detske-dezerty-tycinky-a-rezy"
  },
  {
    "name": "Mlékárna Řetová Sloupnický A2 Dezert vaječný likér",
    "price": "48,50 Kč",
    "unit_price": "285.29 Kč/kg",
    "package_amount": "170 g",
    "subcategory_name": "Jogurty - Dětské dezerty",
    "subcategory_url": "https://www.rohlik.cz/c300123542-detske-dezerty-tycinky-a-rezy"
  },
  {
    "name": "Olma Míša tvarohový mls vanilkový",
    "price": "24,90 Kč",
    "unit_price": "191.54 Kč/kg",
    "package_amount": "130 g",
    "subcategory_name": "Jogurty - Dětské dezerty",
    "subcategory_url": "https://www.rohlik.cz/c300123542-detske-dezerty-tycinky-a-rezy"
  },
  {
    "name": "Paturages Jogurtové kapsičky mix ovocných příchutí 12×40 g",
    "price": "109,90 Kč",
    "unit_price": "228.96 Kč/kg",
    "package_amount": "480 g",
    "subcategory_name": "Jogurty - Dětské dezerty",
    "subcategory_url": "https://www.rohlik.cz/c300123542-detske-dezerty-tycinky-a-rezy"
  },
  {
    "name": "Andros Jablečné pyré z Golden Delicious bez přidaného cukru 4×100 g",
    "price": "79,90 Kč",
    "unit_price": "199.75 Kč/kg",
    "package_amount": "400 g",
    "subcategory_name": "Jogurty - Dětské dezerty",
    "subcategory_url": "https://www.rohlik.cz/c300123542-detske-dezerty-tycinky-a-rezy"
  },
  {
    "name": "Farma Babina Mixík jahodový",
    "price": "41,70 Kč",
    "unit_price": "320.77 Kč/kg",
    "package_amount": "130 g",
    "subcategory_name": "Jogurty - Dětské dezerty",
    "subcategory_url": "https://www.rohlik.cz/c300123542-detske-dezerty-tycinky-a-rezy"
  },
  {
    "name": "Olma Míša tvarohový mls meruňkový",
    "price": "24,90 Kč",
    "unit_price": "191.54 Kč/kg",
    "package_amount": "130 g",
    "subcategory_name": "Jogurty - Dětské dezerty",
    "subcategory_url": "https://www.rohlik.cz/c300123542-detske-dezerty-tycinky-a-rezy"
  },
  {
    "name": "Kasha Choco coco rýžová kaše s kokosovým mlékem a kakaem",
    "price": "69,90 Kč",
    "unit_price": "349.5 Kč/kg",
    "package_amount": "200 g",
    "subcategory_name": "Jogurty - Dětské dezerty",
    "subcategory_url": "https://www.rohlik.cz/c300123542-detske-dezerty-tycinky-a-rezy"
  },
  {
    "name": "Kasha Merry berry rýžová kaše s lesními plody",
    "price": "69,90 Kč",
    "unit_price": "349.5 Kč/kg",
    "package_amount": "200 g",
    "subcategory_name": "Jogurty - Dětské dezerty",
    "subcategory_url": "https://www.rohlik.cz/c300123542-detske-dezerty-tycinky-a-rezy"
  },
  {
    "name": "Farma rodiny Němcovy Tvarohový krém slazený s jahodami",
    "price": "52,90 Kč",
    "unit_price": "440.83 Kč/kg",
    "package_amount": "120 g",
    "subcategory_name": "Jogurty - Dětské dezerty",
    "subcategory_url": "https://www.rohlik.cz/c300123542-detske-dezerty-tycinky-a-rezy"
  },
  {
    "name": "Ehrmann Robby puding vanilka, kapsička",
    "price": "22,90 Kč",
    "unit_price": "254.44 Kč/kg",
    "package_amount": "90 g",
    "subcategory_name": "Jogurty - Dětské dezerty",
    "subcategory_url": "https://www.rohlik.cz/c300123542-detske-dezerty-tycinky-a-rezy"
  },
  {
    "name": "Miil Sloník tvarohový dezert kakaový",
    "price": "16,90 Kč",
    "unit_price": "130 Kč/kg",
    "package_amount": "130 g",
    "subcategory_name": "Jogurty - Tvarohov dezerty",
    "subcategory_url": "https://www.rohlik.cz/c300123535-tvarohove-dezerty-a-termixy"
  },
  {
    "name": "Miil Sloník tvarohový dezert vanilkový",
    "price": "16,90 Kč",
    "unit_price": "130 Kč/kg",
    "package_amount": "130 g",
    "subcategory_name": "Jogurty - Tvarohov dezerty",
    "subcategory_url": "https://www.rohlik.cz/c300123535-tvarohove-dezerty-a-termixy"
  },
  {
    "name": "Miil Sloník DUO tvarohový dezert vanilka kakao",
    "price": "16,90 Kč",
    "unit_price": "130 Kč/kg",
    "package_amount": "130 g",
    "subcategory_name": "Jogurty - Tvarohov dezerty",
    "subcategory_url": "https://www.rohlik.cz/c300123535-tvarohove-dezerty-a-termixy"
  },
  {
    "name": "Pribináček Kapsík vanilka",
    "price": "19,90 Kč",
    "unit_price": "284.29 Kč/kg",
    "package_amount": "70 g",
    "subcategory_name": "Jogurty - Tvarohov dezerty",
    "subcategory_url": "https://www.rohlik.cz/c300123535-tvarohove-dezerty-a-termixy"
  },
  {
    "name": "Mlékárna Kunín Termix maxi s příchutí kakao",
    "price": "20,90 Kč",
    "unit_price": "160.77 Kč/kg",
    "package_amount": "130 g",
    "subcategory_name": "Jogurty - Tvarohov dezerty",
    "subcategory_url": "https://www.rohlik.cz/c300123535-tvarohove-dezerty-a-termixy"
  },
  {
    "name": "Milko Tvaroháček kakaový",
    "price": "10,90 Kč",
    "unit_price": "121.11 Kč/kg",
    "package_amount": "90 g",
    "subcategory_name": "Jogurty - Tvarohov dezerty",
    "subcategory_url": "https://www.rohlik.cz/c300123535-tvarohove-dezerty-a-termixy"
  },
  {
    "name": "Milko Tvaroháček vanilkový",
    "price": "10,90 Kč",
    "unit_price": "121.11 Kč/kg",
    "package_amount": "90 g",
    "subcategory_name": "Jogurty - Tvarohov dezerty",
    "subcategory_url": "https://www.rohlik.cz/c300123535-tvarohove-dezerty-a-termixy"
  },
  {
    "name": "Pribináček Kapsík kakao",
    "price": "19,90 Kč",
    "unit_price": "284.29 Kč/kg",
    "package_amount": "70 g",
    "subcategory_name": "Jogurty - Tvarohov dezerty",
    "subcategory_url": "https://www.rohlik.cz/c300123535-tvarohove-dezerty-a-termixy"
  },
  {
    "name": "Pribináček Tyčinka s tvarrrohem",
    "price": "11,90 Kč",
    "unit_price": "313.16 Kč/kg",
    "package_amount": "38 g",
    "subcategory_name": "Jogurty - Tvarohov dezerty",
    "subcategory_url": "https://www.rohlik.cz/c300123535-tvarohove-dezerty-a-termixy"
  },
  {
    "name": "Milko Tvaroháček kakaový",
    "price": "15,90 Kč",
    "unit_price": "122.31 Kč/kg",
    "package_amount": "130 g",
    "subcategory_name": "Jogurty - Tvarohov dezerty",
    "subcategory_url": "https://www.rohlik.cz/c300123535-tvarohove-dezerty-a-termixy"
  },
  {
    "name": "Pribináček Kapsík jahoda",
    "price": "19,90 Kč",
    "unit_price": "284.29 Kč/kg",
    "package_amount": "70 g",
    "subcategory_name": "Jogurty - Tvarohov dezerty",
    "subcategory_url": "https://www.rohlik.cz/c300123535-tvarohove-dezerty-a-termixy"
  },
  {
    "name": "Milko Tvaroháček smetanový",
    "price": "10,90 Kč",
    "unit_price": "121.11 Kč/kg",
    "package_amount": "90 g",
    "subcategory_name": "Jogurty - Tvarohov dezerty",
    "subcategory_url": "https://www.rohlik.cz/c300123535-tvarohove-dezerty-a-termixy"
  },
  {
    "name": "Mlékárna Kunín Termix maxi s příchutí vanilka",
    "price": "20,90 Kč",
    "unit_price": "160.77 Kč/kg",
    "package_amount": "130 g",
    "subcategory_name": "Jogurty - Tvarohov dezerty",
    "subcategory_url": "https://www.rohlik.cz/c300123535-tvarohove-dezerty-a-termixy"
  },
  {
    "name": "Mlékárna Kunín Termix s příchutí kakao",
    "price": "15,90 Kč",
    "unit_price": "176.67 Kč/kg",
    "package_amount": "90 g",
    "subcategory_name": "Jogurty - Tvarohov dezerty",
    "subcategory_url": "https://www.rohlik.cz/c300123535-tvarohove-dezerty-a-termixy"
  },
  {
    "name": "Milko Tvaroháček vanilkový",
    "price": "15,90 Kč",
    "unit_price": "122.31 Kč/kg",
    "package_amount": "130 g",
    "subcategory_name": "Jogurty - Tvarohov dezerty",
    "subcategory_url": "https://www.rohlik.cz/c300123535-tvarohove-dezerty-a-termixy"
  },
  {
    "name": "Bobík Maxi smetanový krém s vanilkovou příchutí",
    "price": "19,90 Kč",
    "unit_price": "153.08 Kč/kg",
    "package_amount": "130 g",
    "subcategory_name": "Jogurty - Tvarohov dezerty",
    "subcategory_url": "https://www.rohlik.cz/c300123535-tvarohove-dezerty-a-termixy"
  },
  {
    "name": "Milko Tvaroháček smetanový",
    "price": "15,90 Kč",
    "unit_price": "122.31 Kč/kg",
    "package_amount": "130 g",
    "subcategory_name": "Jogurty - Tvarohov dezerty",
    "subcategory_url": "https://www.rohlik.cz/c300123535-tvarohove-dezerty-a-termixy"
  },
  {
    "name": "Prima Mrož tvarohový dezert jahodový",
    "price": "15,90 Kč",
    "unit_price": "176.67 Kč/kg",
    "package_amount": "90 g",
    "subcategory_name": "Jogurty - Tvarohov dezerty",
    "subcategory_url": "https://www.rohlik.cz/c300123535-tvarohove-dezerty-a-termixy"
  },
  {
    "name": "Mlékárna Kunín Termix maxi s příchutí pistácie",
    "price": "20,90 Kč",
    "unit_price": "160.77 Kč/kg",
    "package_amount": "130 g",
    "subcategory_name": "Jogurty - Tvarohov dezerty",
    "subcategory_url": "https://www.rohlik.cz/c300123535-tvarohove-dezerty-a-termixy"
  },
  {
    "name": "Mlékárna Kunín Termix Extra malina",
    "price": "21,90 Kč",
    "unit_price": "168.46 Kč/kg",
    "package_amount": "130 g",
    "subcategory_name": "Jogurty - Tvarohov dezerty",
    "subcategory_url": "https://www.rohlik.cz/c300123535-tvarohove-dezerty-a-termixy"
  },
  {
    "name": "Mlékárna Kunín Termix vanilka",
    "price": "15,90 Kč",
    "unit_price": "176.67 Kč/kg",
    "package_amount": "90 g",
    "subcategory_name": "Jogurty - Tvarohov dezerty",
    "subcategory_url": "https://www.rohlik.cz/c300123535-tvarohove-dezerty-a-termixy"
  },
  {
    "name": "Mlékárna Kunín Termix Extra pomeranč",
    "price": "21,90 Kč",
    "unit_price": "168.46 Kč/kg",
    "package_amount": "130 g",
    "subcategory_name": "Jogurty - Tvarohov dezerty",
    "subcategory_url": "https://www.rohlik.cz/c300123535-tvarohove-dezerty-a-termixy"
  },
  {
    "name": "Milko Ovofit dezert višňový",
    "price": "20,90 Kč",
    "unit_price": "149.29 Kč/kg",
    "package_amount": "140 g",
    "subcategory_name": "Jogurty - Tvarohov dezerty",
    "subcategory_url": "https://www.rohlik.cz/c300123535-tvarohove-dezerty-a-termixy"
  },
  {
    "name": "Madeta Jihočeský tvaroh&jogurt bílý",
    "price": "19,90 Kč",
    "unit_price": "147.41 Kč/kg",
    "package_amount": "135 g",
    "subcategory_name": "Jogurty - Tvarohov dezerty",
    "subcategory_url": "https://www.rohlik.cz/c300123535-tvarohove-dezerty-a-termixy"
  },
  {
    "name": "Mlékárna Kunín Termix Extra jahoda",
    "price": "22,90 Kč",
    "unit_price": "176.15 Kč/kg",
    "package_amount": "130 g",
    "subcategory_name": "Jogurty - Tvarohov dezerty",
    "subcategory_url": "https://www.rohlik.cz/c300123535-tvarohove-dezerty-a-termixy"
  },
  {
    "name": "Milko Tvaroh s vlákninou čokoláda",
    "price": "19,90 Kč",
    "unit_price": "142.14 Kč/kg",
    "package_amount": "140 g",
    "subcategory_name": "Jogurty - Tvarohov dezerty",
    "subcategory_url": "https://www.rohlik.cz/c300123535-tvarohove-dezerty-a-termixy"
  },
  {
    "name": "Milko Ovofit dezert jahodový",
    "price": "20,90 Kč",
    "unit_price": "149.29 Kč/kg",
    "package_amount": "140 g",
    "subcategory_name": "Jogurty - Tvarohov dezerty",
    "subcategory_url": "https://www.rohlik.cz/c300123535-tvarohove-dezerty-a-termixy"
  },
  {
    "name": "Milko Ovofit dezert ananasový",
    "price": "20,90 Kč",
    "unit_price": "149.29 Kč/kg",
    "package_amount": "140 g",
    "subcategory_name": "Jogurty - Tvarohov dezerty",
    "subcategory_url": "https://www.rohlik.cz/c300123535-tvarohove-dezerty-a-termixy"
  },
  {
    "name": "Madeta Jihočeský tvaroh&jogurt broskev",
    "price": "19,90 Kč",
    "unit_price": "147.41 Kč/kg",
    "package_amount": "135 g",
    "subcategory_name": "Jogurty - Tvarohov dezerty",
    "subcategory_url": "https://www.rohlik.cz/c300123535-tvarohove-dezerty-a-termixy"
  },
  {
    "name": "Bobík Maxi smetanový krém čokoládový",
    "price": "19,90 Kč",
    "unit_price": "153.08 Kč/kg",
    "package_amount": "130 g",
    "subcategory_name": "Jogurty - Tvarohov dezerty",
    "subcategory_url": "https://www.rohlik.cz/c300123535-tvarohove-dezerty-a-termixy"
  },
  {
    "name": "Ekomilk Termix kakao",
    "price": "18,90 Kč",
    "unit_price": "236.25 Kč/kg",
    "package_amount": "80 g",
    "subcategory_name": "Jogurty - Tvarohov dezerty",
    "subcategory_url": "https://www.rohlik.cz/c300123535-tvarohove-dezerty-a-termixy"
  },
  {
    "name": "Milko Tvaroh s vlákninou vanilka",
    "price": "19,90 Kč",
    "unit_price": "142.14 Kč/kg",
    "package_amount": "140 g",
    "subcategory_name": "Jogurty - Tvarohov dezerty",
    "subcategory_url": "https://www.rohlik.cz/c300123535-tvarohove-dezerty-a-termixy"
  },
  {
    "name": "Bobík Maxi smetanový krém čokovanilka",
    "price": "19,90 Kč",
    "unit_price": "153.08 Kč/kg",
    "package_amount": "130 g",
    "subcategory_name": "Jogurty - Tvarohov dezerty",
    "subcategory_url": "https://www.rohlik.cz/c300123535-tvarohove-dezerty-a-termixy"
  },
  {
    "name": "Ekomilk Termix vanilka",
    "price": "18,90 Kč",
    "unit_price": "236.25 Kč/kg",
    "package_amount": "80 g",
    "subcategory_name": "Jogurty - Tvarohov dezerty",
    "subcategory_url": "https://www.rohlik.cz/c300123535-tvarohove-dezerty-a-termixy"
  },
  {
    "name": "Madeta Jihočeský tvaroh&jogurt jahoda",
    "price": "19,90 Kč",
    "unit_price": "147.41 Kč/kg",
    "package_amount": "135 g",
    "subcategory_name": "Jogurty - Tvarohov dezerty",
    "subcategory_url": "https://www.rohlik.cz/c300123535-tvarohove-dezerty-a-termixy"
  },
  {
    "name": "Milko Tvaroh s vlákninou jahoda",
    "price": "19,90 Kč",
    "unit_price": "142.14 Kč/kg",
    "package_amount": "140 g",
    "subcategory_name": "Jogurty - Tvarohov dezerty",
    "subcategory_url": "https://www.rohlik.cz/c300123535-tvarohove-dezerty-a-termixy"
  },
  {
    "name": "Mlékárna Kunín Termix dezert s příchutí pistácie",
    "price": "15,90 Kč",
    "unit_price": "176.67 Kč/kg",
    "package_amount": "90 g",
    "subcategory_name": "Jogurty - Tvarohov dezerty",
    "subcategory_url": "https://www.rohlik.cz/c300123535-tvarohove-dezerty-a-termixy"
  },
  {
    "name": "Milko Tvaroh s vlákninou bílý",
    "price": "19,90 Kč",
    "unit_price": "142.14 Kč/kg",
    "package_amount": "140 g",
    "subcategory_name": "Jogurty - Tvarohov dezerty",
    "subcategory_url": "https://www.rohlik.cz/c300123535-tvarohove-dezerty-a-termixy"
  },
  {
    "name": "Madeta Fruitisimo dezert mango a maracuja",
    "price": "30,90 Kč",
    "unit_price": "237.69 Kč/kg",
    "package_amount": "130 g",
    "subcategory_name": "Jogurty - Tvarohov dezerty",
    "subcategory_url": "https://www.rohlik.cz/c300123535-tvarohove-dezerty-a-termixy"
  },
  {
    "name": "Farma Babina Mixík kakaový",
    "price": "41,70 Kč",
    "unit_price": "278 Kč/kg",
    "package_amount": "150 g",
    "subcategory_name": "Jogurty - Tvarohov dezerty",
    "subcategory_url": "https://www.rohlik.cz/c300123535-tvarohove-dezerty-a-termixy"
  },
  {
    "name": "Mlékárna Kunín Termix Extra čokoládový",
    "price": "22,90 Kč",
    "unit_price": "176.15 Kč/kg",
    "package_amount": "130 g",
    "subcategory_name": "Jogurty - Tvarohov dezerty",
    "subcategory_url": "https://www.rohlik.cz/c300123535-tvarohove-dezerty-a-termixy"
  },
  {
    "name": "Madeta Fruitisimo dezert jahoda a malina",
    "price": "30,90 Kč",
    "unit_price": "237.69 Kč/kg",
    "package_amount": "130 g",
    "subcategory_name": "Jogurty - Tvarohov dezerty",
    "subcategory_url": "https://www.rohlik.cz/c300123535-tvarohove-dezerty-a-termixy"
  },
  {
    "name": "Mlékárna Kunín Termix s příchutí kokos",
    "price": "15,90 Kč",
    "unit_price": "176.67 Kč/kg",
    "package_amount": "90 g",
    "subcategory_name": "Jogurty - Tvarohov dezerty",
    "subcategory_url": "https://www.rohlik.cz/c300123535-tvarohove-dezerty-a-termixy"
  },
  {
    "name": "Farma rodiny Němcovy Tvarohový krém slazený s příchutí čokolády",
    "price": "52,90 Kč",
    "unit_price": "440.83 Kč/kg",
    "package_amount": "120 g",
    "subcategory_name": "Jogurty - Tvarohov dezerty",
    "subcategory_url": "https://www.rohlik.cz/c300123535-tvarohove-dezerty-a-termixy"
  },
  {
    "name": "Madeta Fruitisimo dezert hruška a skořice",
    "price": "30,90 Kč",
    "unit_price": "237.69 Kč/kg",
    "package_amount": "130 g",
    "subcategory_name": "Jogurty - Tvarohov dezerty",
    "subcategory_url": "https://www.rohlik.cz/c300123535-tvarohove-dezerty-a-termixy"
  },
  {
    "name": "Farma Babina Mixík vanilkový",
    "price": "41,70 Kč",
    "unit_price": "278 Kč/kg",
    "package_amount": "150 g",
    "subcategory_name": "Jogurty - Tvarohov dezerty",
    "subcategory_url": "https://www.rohlik.cz/c300123535-tvarohove-dezerty-a-termixy"
  },
  {
    "name": "Farma Babina Mixík slaný karamel",
    "price": "41,70 Kč",
    "unit_price": "320.77 Kč/kg",
    "package_amount": "130 g",
    "subcategory_name": "Jogurty - Tvarohov dezerty",
    "subcategory_url": "https://www.rohlik.cz/c300123535-tvarohove-dezerty-a-termixy"
  },
  {
    "name": "Farma Babina Mixík jahodový",
    "price": "41,70 Kč",
    "unit_price": "320.77 Kč/kg",
    "package_amount": "130 g",
    "subcategory_name": "Jogurty - Tvarohov dezerty",
    "subcategory_url": "https://www.rohlik.cz/c300123535-tvarohove-dezerty-a-termixy"
  },
  {
    "name": "Farma rodiny Němcovy Tvarohový krém slazený s jahodami",
    "price": "52,90 Kč",
    "unit_price": "440.83 Kč/kg",
    "package_amount": "120 g",
    "subcategory_name": "Jogurty - Tvarohov dezerty",
    "subcategory_url": "https://www.rohlik.cz/c300123535-tvarohove-dezerty-a-termixy"
  },
  {
    "name": "Fantasia Dezert jahoda",
    "price": "23,90 Kč",
    "unit_price": "191.2 Kč/kg",
    "package_amount": "125 g",
    "subcategory_name": "Jogurty - Tvarohov dezerty",
    "subcategory_url": "https://www.rohlik.cz/c300123535-tvarohove-dezerty-a-termixy"
  },
  {
    "name": "Miil BIO Jogurt bílý 3,8 % tuku",
    "price": "11,90 Kč",
    "unit_price": "79.33 Kč/kg",
    "package_amount": "150 g",
    "subcategory_name": "Jogurty - Bílé",
    "subcategory_url": "https://www.rohlik.cz/c300105009-bile"
  },
  {
    "name": "Hollandia Selský jogurt bílý 3,5%",
    "price": "29,90 Kč",
    "unit_price": "59.8 Kč/kg",
    "package_amount": "500 g",
    "subcategory_name": "Jogurty - Bílé",
    "subcategory_url": "https://www.rohlik.cz/c300105009-bile"
  },
  {
    "name": "Miil Krémový jogurt bílý 3,7 % tuku",
    "price": "7,90 Kč",
    "unit_price": "52.67 Kč/kg",
    "package_amount": "150 g",
    "subcategory_name": "Jogurty - Bílé",
    "subcategory_url": "https://www.rohlik.cz/c300105009-bile"
  },
  {
    "name": "Miil Krémový jogurt bílý 3,7 % tuku",
    "price": "22,90 Kč",
    "unit_price": "57.25 Kč/kg",
    "package_amount": "400 g",
    "subcategory_name": "Jogurty - Bílé",
    "subcategory_url": "https://www.rohlik.cz/c300105009-bile"
  },
  {
    "name": "Hollandia Selský jogurt bílý 3,5%",
    "price": "18,90 Kč",
    "unit_price": "94.5 Kč/kg",
    "package_amount": "200 g",
    "subcategory_name": "Jogurty - Bílé",
    "subcategory_url": "https://www.rohlik.cz/c300105009-bile"
  },
  {
    "name": "Miil BIO Jogurt bílý 3,8 % tuku",
    "price": "22,90 Kč",
    "unit_price": "57.25 Kč/kg",
    "package_amount": "400 g",
    "subcategory_name": "Jogurty - Bílé",
    "subcategory_url": "https://www.rohlik.cz/c300105009-bile"
  },
  {
    "name": "Miil Smetanový jogurt bílý 10 % tuku",
    "price": "23,90 Kč",
    "unit_price": "59.75 Kč/kg",
    "package_amount": "400 g",
    "subcategory_name": "Jogurty - Bílé",
    "subcategory_url": "https://www.rohlik.cz/c300105009-bile"
  },
  {
    "name": "Choceňská mlékárna Choceňský smetanový jogurt bílý 10%",
    "price": "17,90 Kč",
    "unit_price": "119.33 Kč/kg",
    "package_amount": "150 g",
    "subcategory_name": "Jogurty - Bílé",
    "subcategory_url": "https://www.rohlik.cz/c300105009-bile"
  },
  {
    "name": "Olma Klasik jogurt bílý 2,7 %",
    "price": "13,90 Kč",
    "unit_price": "92.67 Kč/kg",
    "package_amount": "150 g",
    "subcategory_name": "Jogurty - Bílé",
    "subcategory_url": "https://www.rohlik.cz/c300105009-bile"
  },
  {
    "name": "Galaos Originál řecký jogurt",
    "price": "97,20 Kč",
    "unit_price": "194.4 Kč/kg",
    "package_amount": "500 g",
    "subcategory_name": "Jogurty - Bílé",
    "subcategory_url": "https://www.rohlik.cz/c300105009-bile"
  },
  {
    "name": "Miil Jogurt bílý bez laktózy 3,5%",
    "price": "15,90 Kč",
    "unit_price": "88.33 Kč/kg",
    "package_amount": "180 g",
    "subcategory_name": "Jogurty - Bílé",
    "subcategory_url": "https://www.rohlik.cz/c300105009-bile"
  },
  {
    "name": "Miil Smetanový jogurt bílý 10 % tuku",
    "price": "9,90 Kč",
    "unit_price": "66 Kč/kg",
    "package_amount": "150 g",
    "subcategory_name": "Jogurty - Bílé",
    "subcategory_url": "https://www.rohlik.cz/c300105009-bile"
  },
  {
    "name": "Activia Probiotický jogurt bílý 4×120 g",
    "price": "69,90 Kč",
    "unit_price": "145.63 Kč/kg",
    "package_amount": "480 g",
    "subcategory_name": "Jogurty - Bílé",
    "subcategory_url": "https://www.rohlik.cz/c300105009-bile"
  },
  {
    "name": "Milko Super jogurt bílý",
    "price": "21,90 Kč",
    "unit_price": "146 Kč/kg",
    "package_amount": "150 g",
    "subcategory_name": "Jogurty - Bílé",
    "subcategory_url": "https://www.rohlik.cz/c300105009-bile"
  },
  {
    "name": "Hollandia Selský jogurt bílý",
    "price": "78,90 Kč",
    "unit_price": "78.9 Kč/kg",
    "package_amount": "1 kg",
    "subcategory_name": "Jogurty - Bílé",
    "subcategory_url": "https://www.rohlik.cz/c300105009-bile"
  },
  {
    "name": "Choceňská mlékárna Choceňský Max jogurt 10 % bílý",
    "price": "34,90 Kč",
    "unit_price": "105.76 Kč/kg",
    "package_amount": "330 g",
    "subcategory_name": "Jogurty - Bílé",
    "subcategory_url": "https://www.rohlik.cz/c300105009-bile"
  },
  {
    "name": "Zorba Smetanový jogurt natur 10%",
    "price": "94,90 Kč",
    "unit_price": "94.9 Kč/kg",
    "package_amount": "1 kg",
    "subcategory_name": "Jogurty - Bílé",
    "subcategory_url": "https://www.rohlik.cz/c300105009-bile"
  },
  {
    "name": "Kri-Kri Originál řecký jogurt 10 %",
    "price": "33 Kč",
    "unit_price": "220 Kč/kg",
    "package_amount": "150 g",
    "subcategory_name": "Jogurty - Bílé",
    "subcategory_url": "https://www.rohlik.cz/c300105009-bile"
  },
  {
    "name": "Olma Protein jogurt bílý",
    "price": "19,90 Kč",
    "unit_price": "132.67 Kč/kg",
    "package_amount": "150 g",
    "subcategory_name": "Jogurty - Bílé",
    "subcategory_url": "https://www.rohlik.cz/c300105009-bile"
  },
  {
    "name": "Galaos Řecký jogurt 0 % tuku",
    "price": "94,90 Kč",
    "unit_price": "189.8 Kč/kg",
    "package_amount": "500 g",
    "subcategory_name": "Jogurty - Bílé",
    "subcategory_url": "https://www.rohlik.cz/c300105009-bile"
  },
  {
    "name": "Mlékárna Kunín Athentikos jogurt bílý",
    "price": "40,90 Kč",
    "unit_price": "102.25 Kč/kg",
    "package_amount": "400 g",
    "subcategory_name": "Jogurty - Bílé",
    "subcategory_url": "https://www.rohlik.cz/c300105009-bile"
  },
  {
    "name": "Olma BIO Jogurt bílý",
    "price": "11,90 Kč",
    "unit_price": "79.33 Kč/kg",
    "package_amount": "150 g",
    "subcategory_name": "Jogurty - Bílé",
    "subcategory_url": "https://www.rohlik.cz/c300105009-bile"
  },
  {
    "name": "Hollandia Klasik jogurt krémový bílý",
    "price": "11,90 Kč",
    "unit_price": "79.33 Kč/kg",
    "package_amount": "150 g",
    "subcategory_name": "Jogurty - Bílé",
    "subcategory_url": "https://www.rohlik.cz/c300105009-bile"
  },
  {
    "name": "Hollandia Krémový jogurt bílý 0,01% laktózy",
    "price": "18,90 Kč",
    "unit_price": "105 Kč/kg",
    "package_amount": "180 g",
    "subcategory_name": "Jogurty - Bílé",
    "subcategory_url": "https://www.rohlik.cz/c300105009-bile"
  },
  {
    "name": "Hollandia Krémový jogurt bílý 0,01% laktózy",
    "price": "36,90 Kč",
    "unit_price": "92.25 Kč/kg",
    "package_amount": "400 g",
    "subcategory_name": "Jogurty - Bílé",
    "subcategory_url": "https://www.rohlik.cz/c300105009-bile"
  },
  {
    "name": "Mlékárna Kunín Athentikos jogurt bílý",
    "price": "22,90 Kč",
    "unit_price": "163.57 Kč/kg",
    "package_amount": "140 g",
    "subcategory_name": "Jogurty - Bílé",
    "subcategory_url": "https://www.rohlik.cz/c300105009-bile"
  },
  {
    "name": "Activia Probiotický jogurt bílý 8×120g",
    "price": "134,90 Kč",
    "unit_price": "140.52 Kč/kg",
    "package_amount": "0,96 kg",
    "subcategory_name": "Jogurty - Bílé",
    "subcategory_url": "https://www.rohlik.cz/c300105009-bile"
  },
  {
    "name": "Activia Probiotický jogurt s müsli 4×120 g",
    "price": "69,90 Kč",
    "unit_price": "145.63 Kč/kg",
    "package_amount": "480 g",
    "subcategory_name": "Jogurty - Bílé",
    "subcategory_url": "https://www.rohlik.cz/c300105009-bile"
  },
  {
    "name": "Activia Probiotický jogurt bílý zrající v kelímku",
    "price": "29,90 Kč",
    "unit_price": "106.79 Kč/kg",
    "package_amount": "280 g",
    "subcategory_name": "Jogurty - Bílé",
    "subcategory_url": "https://www.rohlik.cz/c300105009-bile"
  },
  {
    "name": "Agrola Jogurt bílý",
    "price": "26,90 Kč",
    "unit_price": "134.5 Kč/kg",
    "package_amount": "200 g",
    "subcategory_name": "Jogurty - Bílé",
    "subcategory_url": "https://www.rohlik.cz/c300105009-bile"
  },
  {
    "name": "Mlékárna Řetová Sloupnický A2 jogurt bílý",
    "price": "33,90 Kč",
    "unit_price": "251.11 Kč/kg",
    "package_amount": "135 g",
    "subcategory_name": "Jogurty - Bílé",
    "subcategory_url": "https://www.rohlik.cz/c300105009-bile"
  },
  {
    "name": "Galaos Originál řecký jogurt 10 % tuku",
    "price": "184,90 Kč",
    "unit_price": "184.9 Kč/kg",
    "package_amount": "1 kg",
    "subcategory_name": "Jogurty - Bílé",
    "subcategory_url": "https://www.rohlik.cz/c300105009-bile"
  },
  {
    "name": "Hollandia Klasik jogurt krémový bílý",
    "price": "69,90 Kč",
    "unit_price": "69.9 Kč/kg",
    "package_amount": "1 kg",
    "subcategory_name": "Jogurty - Bílé",
    "subcategory_url": "https://www.rohlik.cz/c300105009-bile"
  },
  {
    "name": "Berchtesgadener Land BIO Bílý jogurt bez laktózy",
    "price": "21,90 Kč",
    "unit_price": "146 Kč/kg",
    "package_amount": "150 g",
    "subcategory_name": "Jogurty - Bílé",
    "subcategory_url": "https://www.rohlik.cz/c300105009-bile"
  },
  {
    "name": "Rohlik.cz BIO Selský jogurt bílý",
    "price": "33,90 Kč",
    "unit_price": "169.5 Kč/kg",
    "package_amount": "200 g",
    "subcategory_name": "Jogurty - Bílé",
    "subcategory_url": "https://www.rohlik.cz/c300105009-bile"
  },
  {
    "name": "Hermes Ovčí jogurt řecký originál",
    "price": "41,90 Kč",
    "unit_price": "209.5 Kč/kg",
    "package_amount": "200 g",
    "subcategory_name": "Jogurty - Bílé",
    "subcategory_url": "https://www.rohlik.cz/c300105009-bile"
  },
  {
    "name": "Activia Probiotický jogurt bílý slazený 4×120 g",
    "price": "69,90 Kč",
    "unit_price": "145.63 Kč/kg",
    "package_amount": "480 g",
    "subcategory_name": "Jogurty - Bílé",
    "subcategory_url": "https://www.rohlik.cz/c300105009-bile"
  },
  {
    "name": "Mlékárna ValMez Bílý jogurt z Valašska 3%",
    "price": "15,90 Kč",
    "unit_price": "106 Kč/kg",
    "package_amount": "150 g",
    "subcategory_name": "Jogurty - Bílé",
    "subcategory_url": "https://www.rohlik.cz/c300105009-bile"
  },
  {
    "name": "Neogal High protein řecký jogurt 0 % tuku bez laktózy",
    "price": "39,90 Kč",
    "unit_price": "266 Kč/kg",
    "package_amount": "150 g",
    "subcategory_name": "Jogurty - Bílé",
    "subcategory_url": "https://www.rohlik.cz/c300105009-bile"
  },
  {
    "name": "Bohemilk Opočenský bílý jogurt smetanový",
    "price": "91,90 Kč",
    "unit_price": "91.9 Kč/kg",
    "package_amount": "1 kg",
    "subcategory_name": "Jogurty - Bílé",
    "subcategory_url": "https://www.rohlik.cz/c300105009-bile"
  },
  {
    "name": "Activia Probiotický jogurt bílý",
    "price": "18,90 Kč",
    "unit_price": "157.5 Kč/kg",
    "package_amount": "120 g",
    "subcategory_name": "Jogurty - Bílé",
    "subcategory_url": "https://www.rohlik.cz/c300105009-bile"
  },
  {
    "name": "Rodopi Jogurt bulharského typu bílý",
    "price": "59,90 Kč",
    "unit_price": "133.11 Kč/kg",
    "package_amount": "450 g",
    "subcategory_name": "Jogurty - Bílé",
    "subcategory_url": "https://www.rohlik.cz/c300105009-bile"
  },
  {
    "name": "Bon Lait Kozí jogurt bílý",
    "price": "33,90 Kč",
    "unit_price": "226 Kč/kg",
    "package_amount": "150 g",
    "subcategory_name": "Jogurty - Bílé",
    "subcategory_url": "https://www.rohlik.cz/c300105009-bile"
  },
  {
    "name": "Bon Lait Ovčí jogurt bílý",
    "price": "41,90 Kč",
    "unit_price": "279.33 Kč/kg",
    "package_amount": "150 g",
    "subcategory_name": "Jogurty - Bílé",
    "subcategory_url": "https://www.rohlik.cz/c300105009-bile"
  },
  {
    "name": "Mlékárna Kunín Selský jogurt bílý",
    "price": "21,90 Kč",
    "unit_price": "109.5 Kč/kg",
    "package_amount": "200 g",
    "subcategory_name": "Jogurty - Bílé",
    "subcategory_url": "https://www.rohlik.cz/c300105009-bile"
  },
  {
    "name": "Mlékárna Kunín Selský jogurt bílý",
    "price": "29,90 Kč",
    "unit_price": "74.75 Kč/kg",
    "package_amount": "400 g",
    "subcategory_name": "Jogurty - Bílé",
    "subcategory_url": "https://www.rohlik.cz/c300105009-bile"
  },
  {
    "name": "Berchtesgadener Land BIO Bílý jogurt bez laktózy",
    "price": "51,90 Kč",
    "unit_price": "129.75 Kč/kg",
    "package_amount": "400 g",
    "subcategory_name": "Jogurty - Bílé",
    "subcategory_url": "https://www.rohlik.cz/c300105009-bile"
  },
  {
    "name": "Activia Probiotický jogurt bílý slazený 8×120 g",
    "price": "134,90 Kč",
    "unit_price": "140.52 Kč/kg",
    "package_amount": "0,96 kg",
    "subcategory_name": "Jogurty - Bílé",
    "subcategory_url": "https://www.rohlik.cz/c300105009-bile"
  },
  {
    "name": "Ekofarma Javorník BIO Jogurt bílý",
    "price": "109,90 Kč",
    "unit_price": "109.9 Kč/kg",
    "package_amount": "1 kg",
    "subcategory_name": "Jogurty - Bílé",
    "subcategory_url": "https://www.rohlik.cz/c300105009-bile"
  },
  {
    "name": "Mlékárna Ohaře Jogurt bílý",
    "price": "43,70 Kč",
    "unit_price": "190 Kč/kg",
    "package_amount": "230 g",
    "subcategory_name": "Jogurty - Bílé",
    "subcategory_url": "https://www.rohlik.cz/c300105009-bile"
  },
  {
    "name": "Rians Ovčí jogurt natural",
    "price": "45,60 Kč",
    "unit_price": "396.52 Kč/kg",
    "package_amount": "115 g",
    "subcategory_name": "Jogurty - Bílé",
    "subcategory_url": "https://www.rohlik.cz/c300105009-bile"
  },
  {
    "name": "Farma rodiny Němcovy Jogurt bílý",
    "price": "94,90 Kč",
    "unit_price": "94.9 Kč/kg",
    "package_amount": "1 kg",
    "subcategory_name": "Jogurty - Bílé",
    "subcategory_url": "https://www.rohlik.cz/c300105009-bile"
  },
  {
    "name": "Ekofarma Javorník BIO Jogurt bílý",
    "price": "26,90 Kč",
    "unit_price": "179.33 Kč/kg",
    "package_amount": "150 g",
    "subcategory_name": "Jogurty - Bílé",
    "subcategory_url": "https://www.rohlik.cz/c300105009-bile"
  },
  {
    "name": "Statek Horní Dvorce Ovčí jogurt",
    "price": "47,90 Kč",
    "unit_price": "319.33 Kč/l",
    "package_amount": "150 ml",
    "subcategory_name": "Jogurty - Bílé",
    "subcategory_url": "https://www.rohlik.cz/c300105009-bile"
  },
  {
    "name": "Kri Kri Jogurt řecký originál bez laktózy",
    "price": "84,90 Kč",
    "unit_price": "212.25 Kč/kg",
    "package_amount": "400 g",
    "subcategory_name": "Jogurty - Bílé",
    "subcategory_url": "https://www.rohlik.cz/c300105009-bile"
  },
  {
    "name": "Olma Florian Active+ jogurt bílý",
    "price": "18,90 Kč",
    "unit_price": "126 Kč/kg",
    "package_amount": "150 g",
    "subcategory_name": "Jogurty - Bílé",
    "subcategory_url": "https://www.rohlik.cz/c300105009-bile"
  },
  {
    "name": "Activia Probiotický jogurt bílý slazený",
    "price": "18,90 Kč",
    "unit_price": "157.5 Kč/kg",
    "package_amount": "120 g",
    "subcategory_name": "Jogurty - Bílé",
    "subcategory_url": "https://www.rohlik.cz/c300105009-bile"
  },
  {
    "name": "Farma rodiny Němcovy Jogurt bílý",
    "price": "54,90 Kč",
    "unit_price": "171.56 Kč/kg",
    "package_amount": "320 g",
    "subcategory_name": "Jogurty - Bílé",
    "subcategory_url": "https://www.rohlik.cz/c300105009-bile"
  },
  {
    "name": "Farma rodiny Němcovy Jogurt bílý",
    "price": "30,90 Kč",
    "unit_price": "206 Kč/kg",
    "package_amount": "150 g",
    "subcategory_name": "Jogurty - Bílé",
    "subcategory_url": "https://www.rohlik.cz/c300105009-bile"
  },
  {
    "name": "Rodopi Jogurt bulharského typu bílý",
    "price": "33,90 Kč",
    "unit_price": "169.5 Kč/kg",
    "package_amount": "200 g",
    "subcategory_name": "Jogurty - Bílé",
    "subcategory_url": "https://www.rohlik.cz/c300105009-bile"
  },
  {
    "name": "Sterzing-Vipiteno Plnotučný jogurt bílý",
    "price": "38,80 Kč",
    "unit_price": "258.67 Kč/kg",
    "package_amount": "150 g",
    "subcategory_name": "Jogurty - Bílé",
    "subcategory_url": "https://www.rohlik.cz/c300105009-bile"
  },
  {
    "name": "Erlebnis Sennerei Přírodní jogurt z louky 3,5 %",
    "price": "33 Kč",
    "unit_price": "165 Kč/kg",
    "package_amount": "200 g",
    "subcategory_name": "Jogurty - Bílé",
    "subcategory_url": "https://www.rohlik.cz/c300105009-bile"
  },
  {
    "name": "Tami Bezlaktózový smetanový jogurt bílý",
    "price": "19,90 Kč",
    "unit_price": "132.67 Kč/kg",
    "package_amount": "150 g",
    "subcategory_name": "Jogurty - Bílé",
    "subcategory_url": "https://www.rohlik.cz/c300105009-bile"
  },
  {
    "name": "Activia Probiotický jogurt bílý",
    "price": "24,90 Kč",
    "unit_price": "150.91 Kč/kg",
    "package_amount": "165 g",
    "subcategory_name": "Jogurty - Bílé",
    "subcategory_url": "https://www.rohlik.cz/c300105009-bile"
  },
  {
    "name": "Olma Klasik smetanový 10%",
    "price": "16,40 Kč",
    "unit_price": "109.33 Kč/kg",
    "package_amount": "150 g",
    "subcategory_name": "Jogurty - Bílé",
    "subcategory_url": "https://www.rohlik.cz/c300105009-bile"
  },
  {
    "name": "Bon Lait Kozí jogurt bez laktózy",
    "price": "33,90 Kč",
    "unit_price": "226 Kč/kg",
    "package_amount": "150 g",
    "subcategory_name": "Jogurty - Bílé",
    "subcategory_url": "https://www.rohlik.cz/c300105009-bile"
  },
  {
    "name": "Madeta Jihočeský Nature jogurt bezlaktozový",
    "price": "18,90 Kč",
    "unit_price": "126 Kč/kg",
    "package_amount": "150 g",
    "subcategory_name": "Jogurty - Bílé",
    "subcategory_url": "https://www.rohlik.cz/c300105009-bile"
  },
  {
    "name": "Activia Probiotický jogurt bílý bez laktózy",
    "price": "22,90 Kč",
    "unit_price": "138.79 Kč/kg",
    "package_amount": "165 g",
    "subcategory_name": "Jogurty - Bílé",
    "subcategory_url": "https://www.rohlik.cz/c300105009-bile"
  },
  {
    "name": "Miil BIO Jogurt bílý 3,8 % tuku",
    "price": "11,90 Kč",
    "unit_price": "79.33 Kč/kg",
    "package_amount": "150 g",
    "subcategory_name": "Jogurty - BIO a farmářské",
    "subcategory_url": "https://www.rohlik.cz/c300105070-bio-a-farmarske"
  },
  {
    "name": "Miil BIO Jogurt bílý 3,8 % tuku",
    "price": "22,90 Kč",
    "unit_price": "57.25 Kč/kg",
    "package_amount": "400 g",
    "subcategory_name": "Jogurty - BIO a farmářské",
    "subcategory_url": "https://www.rohlik.cz/c300105070-bio-a-farmarske"
  },
  {
    "name": "Hollandia BIO Selský jogurt bílý 3,5%",
    "price": "26,90 Kč",
    "unit_price": "67.25 Kč/kg",
    "package_amount": "400 g",
    "subcategory_name": "Jogurty - BIO a farmářské",
    "subcategory_url": "https://www.rohlik.cz/c300105070-bio-a-farmarske"
  },
  {
    "name": "Matylda BIO Tvarohový dezert čokoláda",
    "price": "19,90 Kč",
    "unit_price": "159.2 Kč/kg",
    "package_amount": "125 g",
    "subcategory_name": "Jogurty - BIO a farmářské",
    "subcategory_url": "https://www.rohlik.cz/c300105070-bio-a-farmarske"
  },
  {
    "name": "Matylda BIO Tvarohový dezert vanilka",
    "price": "19,90 Kč",
    "unit_price": "159.2 Kč/kg",
    "package_amount": "125 g",
    "subcategory_name": "Jogurty - BIO a farmářské",
    "subcategory_url": "https://www.rohlik.cz/c300105070-bio-a-farmarske"
  },
  {
    "name": "Matylda BIO Tvarohový dezert jahoda",
    "price": "19,90 Kč",
    "unit_price": "159.2 Kč/kg",
    "package_amount": "125 g",
    "subcategory_name": "Jogurty - BIO a farmářské",
    "subcategory_url": "https://www.rohlik.cz/c300105070-bio-a-farmarske"
  },
  {
    "name": "Milko BIO Řecký jogurt bílý 0 %",
    "price": "21,90 Kč",
    "unit_price": "168.46 Kč/kg",
    "package_amount": "130 g",
    "subcategory_name": "Jogurty - BIO a farmářské",
    "subcategory_url": "https://www.rohlik.cz/c300105070-bio-a-farmarske"
  },
  {
    "name": "Pappudia Jogurt s mangem bez přidaného cukru",
    "price": "63,90 Kč",
    "unit_price": "319.5 Kč/kg",
    "package_amount": "200 g",
    "subcategory_name": "Jogurty - BIO a farmářské",
    "subcategory_url": "https://www.rohlik.cz/c300105070-bio-a-farmarske"
  },
  {
    "name": "Matylda BIO Tvarohový dezert bílý",
    "price": "19,90 Kč",
    "unit_price": "159.2 Kč/kg",
    "package_amount": "125 g",
    "subcategory_name": "Jogurty - BIO a farmářské",
    "subcategory_url": "https://www.rohlik.cz/c300105070-bio-a-farmarske"
  },
  {
    "name": "Olma BIO Jogurt bílý",
    "price": "11,90 Kč",
    "unit_price": "79.33 Kč/kg",
    "package_amount": "150 g",
    "subcategory_name": "Jogurty - BIO a farmářské",
    "subcategory_url": "https://www.rohlik.cz/c300105070-bio-a-farmarske"
  },
  {
    "name": "Miil BIO Jogurt jahodový",
    "price": "14,90 Kč",
    "unit_price": "99.33 Kč/kg",
    "package_amount": "150 g",
    "subcategory_name": "Jogurty - BIO a farmářské",
    "subcategory_url": "https://www.rohlik.cz/c300105070-bio-a-farmarske"
  },
  {
    "name": "Hollandia BIO Selský jogurt bílý 3,5%",
    "price": "19,90 Kč",
    "unit_price": "110.56 Kč/kg",
    "package_amount": "180 g",
    "subcategory_name": "Jogurty - BIO a farmářské",
    "subcategory_url": "https://www.rohlik.cz/c300105070-bio-a-farmarske"
  },
  {
    "name": "Biofarma DoRa BIO Kozí jogurt bílý",
    "price": "28,10 Kč",
    "unit_price": "187.33 Kč/kg",
    "package_amount": "150 g",
    "subcategory_name": "Jogurty - BIO a farmářské",
    "subcategory_url": "https://www.rohlik.cz/c300105070-bio-a-farmarske"
  },
  {
    "name": "Rohlik.cz Hustej jogurt s müsli, karamelem a ořechy",
    "price": "79,90 Kč",
    "unit_price": "261.97 Kč/kg",
    "package_amount": "305 g",
    "subcategory_name": "Jogurty - BIO a farmářské",
    "subcategory_url": "https://www.rohlik.cz/c300105070-bio-a-farmarske"
  },
  {
    "name": "Pappudia Jogurt s borůvkami a banány bez přidaného cukru",
    "price": "63,90 Kč",
    "unit_price": "319.5 Kč/kg",
    "package_amount": "200 g",
    "subcategory_name": "Jogurty - BIO a farmářské",
    "subcategory_url": "https://www.rohlik.cz/c300105070-bio-a-farmarske"
  },
  {
    "name": "Mlékárna Řetová Sloupnický A2 jogurt bílý",
    "price": "33,90 Kč",
    "unit_price": "251.11 Kč/kg",
    "package_amount": "135 g",
    "subcategory_name": "Jogurty - BIO a farmářské",
    "subcategory_url": "https://www.rohlik.cz/c300105070-bio-a-farmarske"
  },
  {
    "name": "Berchtesgadener Land BIO Bílý jogurt bez laktózy",
    "price": "21,90 Kč",
    "unit_price": "146 Kč/kg",
    "package_amount": "150 g",
    "subcategory_name": "Jogurty - BIO a farmářské",
    "subcategory_url": "https://www.rohlik.cz/c300105070-bio-a-farmarske"
  },
  {
    "name": "Rohlik.cz BIO Selský jogurt bílý",
    "price": "33,90 Kč",
    "unit_price": "169.5 Kč/kg",
    "package_amount": "200 g",
    "subcategory_name": "Jogurty - BIO a farmářské",
    "subcategory_url": "https://www.rohlik.cz/c300105070-bio-a-farmarske"
  },
  {
    "name": "Rohlik.cz Hustej jogurt s müsli, banány a jahodami",
    "price": "79,90 Kč",
    "unit_price": "261.97 Kč/kg",
    "package_amount": "305 g",
    "subcategory_name": "Jogurty - BIO a farmářské",
    "subcategory_url": "https://www.rohlik.cz/c300105070-bio-a-farmarske"
  },
  {
    "name": "Můj Jogurt Brownie",
    "price": "159,90 Kč",
    "unit_price": "463.48 Kč/kg",
    "package_amount": "345 g",
    "subcategory_name": "Jogurty - BIO a farmářské",
    "subcategory_url": "https://www.rohlik.cz/c300105070-bio-a-farmarske"
  },
  {
    "name": "Alnatura BIO Ovčí jogurt",
    "price": "44,90 Kč",
    "unit_price": "359.2 Kč/kg",
    "package_amount": "125 g",
    "subcategory_name": "Jogurty - BIO a farmářské",
    "subcategory_url": "https://www.rohlik.cz/c300105070-bio-a-farmarske"
  },
  {
    "name": "Můj Jogurt Pistáciový",
    "price": "159,90 Kč",
    "unit_price": "463.48 Kč/kg",
    "package_amount": "345 g",
    "subcategory_name": "Jogurty - BIO a farmářské",
    "subcategory_url": "https://www.rohlik.cz/c300105070-bio-a-farmarske"
  },
  {
    "name": "Můj Jogurt Čokobanán",
    "price": "159,90 Kč",
    "unit_price": "450.42 Kč/kg",
    "package_amount": "355 g",
    "subcategory_name": "Jogurty - BIO a farmářské",
    "subcategory_url": "https://www.rohlik.cz/c300105070-bio-a-farmarske"
  },
  {
    "name": "Berchtesgadener Land BIO Malinový jogurt bez laktózy",
    "price": "27,90 Kč",
    "unit_price": "186 Kč/kg",
    "package_amount": "150 g",
    "subcategory_name": "Jogurty - BIO a farmářské",
    "subcategory_url": "https://www.rohlik.cz/c300105070-bio-a-farmarske"
  },
  {
    "name": "Rodopi Jogurt bulharského typu bílý",
    "price": "59,90 Kč",
    "unit_price": "133.11 Kč/kg",
    "package_amount": "450 g",
    "subcategory_name": "Jogurty - BIO a farmářské",
    "subcategory_url": "https://www.rohlik.cz/c300105070-bio-a-farmarske"
  },
  {
    "name": "Bon Lait Kozí jogurt bílý",
    "price": "33,90 Kč",
    "unit_price": "226 Kč/kg",
    "package_amount": "150 g",
    "subcategory_name": "Jogurty - BIO a farmářské",
    "subcategory_url": "https://www.rohlik.cz/c300105070-bio-a-farmarske"
  },
  {
    "name": "Bon Lait Ovčí jogurt bílý",
    "price": "41,90 Kč",
    "unit_price": "279.33 Kč/kg",
    "package_amount": "150 g",
    "subcategory_name": "Jogurty - BIO a farmářské",
    "subcategory_url": "https://www.rohlik.cz/c300105070-bio-a-farmarske"
  },
  {
    "name": "Můj Jogurt Slaný karamel",
    "price": "159,90 Kč",
    "unit_price": "463.48 Kč/kg",
    "package_amount": "345 g",
    "subcategory_name": "Jogurty - BIO a farmářské",
    "subcategory_url": "https://www.rohlik.cz/c300105070-bio-a-farmarske"
  },
  {
    "name": "Berchtesgadener Land BIO Bílý jogurt bez laktózy",
    "price": "51,90 Kč",
    "unit_price": "129.75 Kč/kg",
    "package_amount": "400 g",
    "subcategory_name": "Jogurty - BIO a farmářské",
    "subcategory_url": "https://www.rohlik.cz/c300105070-bio-a-farmarske"
  },
  {
    "name": "Berchtesgadener Land BIO Vanilkový jogurt bez laktózy",
    "price": "27,90 Kč",
    "unit_price": "186 Kč/kg",
    "package_amount": "150 g",
    "subcategory_name": "Jogurty - BIO a farmářské",
    "subcategory_url": "https://www.rohlik.cz/c300105070-bio-a-farmarske"
  },
  {
    "name": "Alnatura BIO Skyr",
    "price": "74,90 Kč",
    "unit_price": "187.25 Kč/kg",
    "package_amount": "400 g",
    "subcategory_name": "Jogurty - BIO a farmářské",
    "subcategory_url": "https://www.rohlik.cz/c300105070-bio-a-farmarske"
  },
  {
    "name": "Ekofarma Javorník BIO Jogurt bílý",
    "price": "109,90 Kč",
    "unit_price": "109.9 Kč/kg",
    "package_amount": "1 kg",
    "subcategory_name": "Jogurty - BIO a farmářské",
    "subcategory_url": "https://www.rohlik.cz/c300105070-bio-a-farmarske"
  },
  {
    "name": "Mlékárna Řetová Sloupnický A2 jogurt jahodový",
    "price": "35,90 Kč",
    "unit_price": "265.93 Kč/kg",
    "package_amount": "135 g",
    "subcategory_name": "Jogurty - BIO a farmářské",
    "subcategory_url": "https://www.rohlik.cz/c300105070-bio-a-farmarske"
  },
  {
    "name": "Můj Jogurt Řecký",
    "price": "159,90 Kč",
    "unit_price": "463.48 Kč/kg",
    "package_amount": "345 g",
    "subcategory_name": "Jogurty - BIO a farmářské",
    "subcategory_url": "https://www.rohlik.cz/c300105070-bio-a-farmarske"
  },
  {
    "name": "Rohlik.cz Hustej jogurt s müsli, banány a jahodami mini",
    "price": "67,90 Kč",
    "unit_price": "377.22 Kč/kg",
    "package_amount": "180 g",
    "subcategory_name": "Jogurty - BIO a farmářské",
    "subcategory_url": "https://www.rohlik.cz/c300105070-bio-a-farmarske"
  },
  {
    "name": "Mlékárna Ohaře Jogurt bílý",
    "price": "43,70 Kč",
    "unit_price": "190 Kč/kg",
    "package_amount": "230 g",
    "subcategory_name": "Jogurty - BIO a farmářské",
    "subcategory_url": "https://www.rohlik.cz/c300105070-bio-a-farmarske"
  },
  {
    "name": "Mlékárna Řetová Sloupnický A2 jogurt čokoládový",
    "price": "35,90 Kč",
    "unit_price": "265.93 Kč/kg",
    "package_amount": "135 g",
    "subcategory_name": "Jogurty - BIO a farmářské",
    "subcategory_url": "https://www.rohlik.cz/c300105070-bio-a-farmarske"
  },
  {
    "name": "Rohlik.cz Hustej jogurt s müsli a hořkou čokoládou",
    "price": "79,90 Kč",
    "unit_price": "261.97 Kč/kg",
    "package_amount": "305 g",
    "subcategory_name": "Jogurty - BIO a farmářské",
    "subcategory_url": "https://www.rohlik.cz/c300105070-bio-a-farmarske"
  },
  {
    "name": "Rians Ovčí jogurt natural",
    "price": "45,60 Kč",
    "unit_price": "396.52 Kč/kg",
    "package_amount": "115 g",
    "subcategory_name": "Jogurty - BIO a farmářské",
    "subcategory_url": "https://www.rohlik.cz/c300105070-bio-a-farmarske"
  },
  {
    "name": "Hollandia BIO Selský jogurt jahoda 2,8%",
    "price": "23,90 Kč",
    "unit_price": "132.78 Kč/kg",
    "package_amount": "180 g",
    "subcategory_name": "Jogurty - BIO a farmářské",
    "subcategory_url": "https://www.rohlik.cz/c300105070-bio-a-farmarske"
  },
  {
    "name": "Farma rodiny Němcovy Jogurt bílý",
    "price": "94,90 Kč",
    "unit_price": "94.9 Kč/kg",
    "package_amount": "1 kg",
    "subcategory_name": "Jogurty - BIO a farmářské",
    "subcategory_url": "https://www.rohlik.cz/c300105070-bio-a-farmarske"
  },
  {
    "name": "Rohlik.cz BIO Selský jogurt jahoda",
    "price": "32,90 Kč",
    "unit_price": "235 Kč/kg",
    "package_amount": "140 g",
    "subcategory_name": "Jogurty - BIO a farmářské",
    "subcategory_url": "https://www.rohlik.cz/c300105070-bio-a-farmarske"
  },
  {
    "name": "Hollandia BIO Selský jogurt čokoláda 2,8%",
    "price": "23,90 Kč",
    "unit_price": "132.78 Kč/kg",
    "package_amount": "180 g",
    "subcategory_name": "Jogurty - BIO a farmářské",
    "subcategory_url": "https://www.rohlik.cz/c300105070-bio-a-farmarske"
  },
  {
    "name": "Můj Jogurt Raffaello",
    "price": "149,90 Kč",
    "unit_price": "454.24 Kč/kg",
    "package_amount": "330 g",
    "subcategory_name": "Jogurty - BIO a farmářské",
    "subcategory_url": "https://www.rohlik.cz/c300105070-bio-a-farmarske"
  },
  {
    "name": "Rohlik.cz BIO Selský jogurt borůvka",
    "price": "32,90 Kč",
    "unit_price": "235 Kč/kg",
    "package_amount": "140 g",
    "subcategory_name": "Jogurty - BIO a farmářské",
    "subcategory_url": "https://www.rohlik.cz/c300105070-bio-a-farmarske"
  },
  {
    "name": "Rians Ovčí jogurt vanilka",
    "price": "51,50 Kč",
    "unit_price": "447.83 Kč/kg",
    "package_amount": "115 g",
    "subcategory_name": "Jogurty - BIO a farmářské",
    "subcategory_url": "https://www.rohlik.cz/c300105070-bio-a-farmarske"
  },
  {
    "name": "Farma rodiny Němcovy Jogurt s meruňkami",
    "price": "30,90 Kč",
    "unit_price": "206 Kč/kg",
    "package_amount": "150 g",
    "subcategory_name": "Jogurty - BIO a farmářské",
    "subcategory_url": "https://www.rohlik.cz/c300105070-bio-a-farmarske"
  },
  {
    "name": "Hollandia BIO Selský jogurt borůvka 2,8%",
    "price": "23,90 Kč",
    "unit_price": "132.78 Kč/kg",
    "package_amount": "180 g",
    "subcategory_name": "Jogurty - BIO a farmářské",
    "subcategory_url": "https://www.rohlik.cz/c300105070-bio-a-farmarske"
  },
  {
    "name": "Ekofarma Javorník BIO Jogurt bílý",
    "price": "26,90 Kč",
    "unit_price": "179.33 Kč/kg",
    "package_amount": "150 g",
    "subcategory_name": "Jogurty - BIO a farmářské",
    "subcategory_url": "https://www.rohlik.cz/c300105070-bio-a-farmarske"
  },
  {
    "name": "Statek Horní Dvorce Ovčí jogurt",
    "price": "47,90 Kč",
    "unit_price": "319.33 Kč/l",
    "package_amount": "150 ml",
    "subcategory_name": "Jogurty - BIO a farmářské",
    "subcategory_url": "https://www.rohlik.cz/c300105070-bio-a-farmarske"
  },
  {
    "name": "Farma Babina Mixík kakaový",
    "price": "41,70 Kč",
    "unit_price": "278 Kč/kg",
    "package_amount": "150 g",
    "subcategory_name": "Jogurty - BIO a farmářské",
    "subcategory_url": "https://www.rohlik.cz/c300105070-bio-a-farmarske"
  },
  {
    "name": "Alnatura BIO Kozí jogurt",
    "price": "37,90 Kč",
    "unit_price": "303.2 Kč/kg",
    "package_amount": "125 g",
    "subcategory_name": "Jogurty - BIO a farmářské",
    "subcategory_url": "https://www.rohlik.cz/c300105070-bio-a-farmarske"
  },
  {
    "name": "Hollandia BIO Selský jogurt meruňka 2,8%",
    "price": "23,90 Kč",
    "unit_price": "132.78 Kč/kg",
    "package_amount": "180 g",
    "subcategory_name": "Jogurty - BIO a farmářské",
    "subcategory_url": "https://www.rohlik.cz/c300105070-bio-a-farmarske"
  },
  {
    "name": "Rohlik.cz BIO Selský jogurt meruňka",
    "price": "32,90 Kč",
    "unit_price": "235 Kč/kg",
    "package_amount": "140 g",
    "subcategory_name": "Jogurty - BIO a farmářské",
    "subcategory_url": "https://www.rohlik.cz/c300105070-bio-a-farmarske"
  },
  {
    "name": "Alnatura BIO Rýžový puding",
    "price": "49,90 Kč",
    "unit_price": "249.5 Kč/kg",
    "package_amount": "200 g",
    "subcategory_name": "Jogurty - BIO a farmářské",
    "subcategory_url": "https://www.rohlik.cz/c300105070-bio-a-farmarske"
  },
  {
    "name": "Mlékárna Ohaře Jogurt višňový",
    "price": "48,50 Kč",
    "unit_price": "210.87 Kč/kg",
    "package_amount": "230 g",
    "subcategory_name": "Jogurty - BIO a farmářské",
    "subcategory_url": "https://www.rohlik.cz/c300105070-bio-a-farmarske"
  },
  {
    "name": "Mlékárna Ohaře Jogurt borůvkový",
    "price": "48,50 Kč",
    "unit_price": "210.87 Kč/kg",
    "package_amount": "230 g",
    "subcategory_name": "Jogurty - BIO a farmářské",
    "subcategory_url": "https://www.rohlik.cz/c300105070-bio-a-farmarske"
  },
  {
    "name": "Farma Struhy BIO Selský tvaroh ochucený borůvka",
    "price": "44,90 Kč",
    "unit_price": "320.71 Kč/kg",
    "package_amount": "140 g",
    "subcategory_name": "Jogurty - BIO a farmářské",
    "subcategory_url": "https://www.rohlik.cz/c300105070-bio-a-farmarske"
  },
  {
    "name": "Farma Struhy BIO Selský tvaroh ochucený jahoda",
    "price": "44,90 Kč",
    "unit_price": "320.71 Kč/kg",
    "package_amount": "140 g",
    "subcategory_name": "Jogurty - BIO a farmářské",
    "subcategory_url": "https://www.rohlik.cz/c300105070-bio-a-farmarske"
  },
  {
    "name": "Farma rodiny Němcovy Farmářský jogurt jablko, rozinka, skořice",
    "price": "30,90 Kč",
    "unit_price": "206 Kč/kg",
    "package_amount": "150 g",
    "subcategory_name": "Jogurty - BIO a farmářské",
    "subcategory_url": "https://www.rohlik.cz/c300105070-bio-a-farmarske"
  },
  {
    "name": "Alnatura BIO Ovčí jogurt vanilka",
    "price": "40,90 Kč",
    "unit_price": "327.2 Kč/kg",
    "package_amount": "125 g",
    "subcategory_name": "Jogurty - BIO a farmářské",
    "subcategory_url": "https://www.rohlik.cz/c300105070-bio-a-farmarske"
  },
  {
    "name": "Rohlik.cz Hustej jogurt s müsli a hořkou čokoládou mini",
    "price": "67,90 Kč",
    "unit_price": "377.22 Kč/kg",
    "package_amount": "180 g",
    "subcategory_name": "Jogurty - BIO a farmářské",
    "subcategory_url": "https://www.rohlik.cz/c300105070-bio-a-farmarske"
  },
  {
    "name": "Farma rodiny Němcovy Tvarohový krém slazený s příchutí čokolády",
    "price": "52,90 Kč",
    "unit_price": "440.83 Kč/kg",
    "package_amount": "120 g",
    "subcategory_name": "Jogurty - BIO a farmářské",
    "subcategory_url": "https://www.rohlik.cz/c300105070-bio-a-farmarske"
  },
  {
    "name": "Farma rodiny Němcovy Jogurt bílý",
    "price": "54,90 Kč",
    "unit_price": "171.56 Kč/kg",
    "package_amount": "320 g",
    "subcategory_name": "Jogurty - BIO a farmářské",
    "subcategory_url": "https://www.rohlik.cz/c300105070-bio-a-farmarske"
  },
  {
    "name": "Farma Babina Mixík vanilkový",
    "price": "41,70 Kč",
    "unit_price": "278 Kč/kg",
    "package_amount": "150 g",
    "subcategory_name": "Jogurty - BIO a farmářské",
    "subcategory_url": "https://www.rohlik.cz/c300105070-bio-a-farmarske"
  },
  {
    "name": "Mlékárna Ohaře Jogurt broskvový",
    "price": "48,50 Kč",
    "unit_price": "210.87 Kč/kg",
    "package_amount": "230 g",
    "subcategory_name": "Jogurty - BIO a farmářské",
    "subcategory_url": "https://www.rohlik.cz/c300105070-bio-a-farmarske"
  },
  {
    "name": "Farma rodiny Němcovy Jogurt bílý",
    "price": "30,90 Kč",
    "unit_price": "206 Kč/kg",
    "package_amount": "150 g",
    "subcategory_name": "Jogurty - BIO a farmářské",
    "subcategory_url": "https://www.rohlik.cz/c300105070-bio-a-farmarske"
  },
  {
    "name": "Farma Struhy BIO Selský tvaroh ochucený meruňka",
    "price": "44,90 Kč",
    "unit_price": "320.71 Kč/kg",
    "package_amount": "140 g",
    "subcategory_name": "Jogurty - BIO a farmářské",
    "subcategory_url": "https://www.rohlik.cz/c300105070-bio-a-farmarske"
  },
  {
    "name": "Rodopi Jogurt bulharského typu bílý",
    "price": "33,90 Kč",
    "unit_price": "169.5 Kč/kg",
    "package_amount": "200 g",
    "subcategory_name": "Jogurty - BIO a farmářské",
    "subcategory_url": "https://www.rohlik.cz/c300105070-bio-a-farmarske"
  },
  {
    "name": "Farma Babina Mixík slaný karamel",
    "price": "41,70 Kč",
    "unit_price": "320.77 Kč/kg",
    "package_amount": "130 g",
    "subcategory_name": "Jogurty - BIO a farmářské",
    "subcategory_url": "https://www.rohlik.cz/c300105070-bio-a-farmarske"
  },
  {
    "name": "Alnatura BIO Ovčí jogurt malina",
    "price": "40,90 Kč",
    "unit_price": "327.2 Kč/kg",
    "package_amount": "125 g",
    "subcategory_name": "Jogurty - BIO a farmářské",
    "subcategory_url": "https://www.rohlik.cz/c300105070-bio-a-farmarske"
  },
  {
    "name": "Rodopi Jogurt bulharského typu vanilka",
    "price": "44,90 Kč",
    "unit_price": "224.5 Kč/kg",
    "package_amount": "200 g",
    "subcategory_name": "Jogurty - BIO a farmářské",
    "subcategory_url": "https://www.rohlik.cz/c300105070-bio-a-farmarske"
  },
  {
    "name": "Alnatura BIO Kozí jogurt mango",
    "price": "38,90 Kč",
    "unit_price": "311.2 Kč/kg",
    "package_amount": "125 g",
    "subcategory_name": "Jogurty - BIO a farmářské",
    "subcategory_url": "https://www.rohlik.cz/c300105070-bio-a-farmarske"
  },
  {
    "name": "Bon Lait Ovčí jogurt stracciatella",
    "price": "34,90 Kč",
    "unit_price": "232.67 Kč/kg",
    "package_amount": "150 g",
    "subcategory_name": "Jogurty - BIO a farmářské",
    "subcategory_url": "https://www.rohlik.cz/c300105070-bio-a-farmarske"
  },
  {
    "name": "Rians Ovčí jogurt Broskve a meruňky",
    "price": "51,50 Kč",
    "unit_price": "447.83 Kč/kg",
    "package_amount": "115 g",
    "subcategory_name": "Jogurty - BIO a farmářské",
    "subcategory_url": "https://www.rohlik.cz/c300105070-bio-a-farmarske"
  },
  {
    "name": "Farma Babina Mixík jahodový",
    "price": "41,70 Kč",
    "unit_price": "320.77 Kč/kg",
    "package_amount": "130 g",
    "subcategory_name": "Jogurty - BIO a farmářské",
    "subcategory_url": "https://www.rohlik.cz/c300105070-bio-a-farmarske"
  },
  {
    "name": "Mlékárna Ohaře Jogurt čokoládový",
    "price": "48,50 Kč",
    "unit_price": "210.87 Kč/kg",
    "package_amount": "230 g",
    "subcategory_name": "Jogurty - BIO a farmářské",
    "subcategory_url": "https://www.rohlik.cz/c300105070-bio-a-farmarske"
  },
  {
    "name": "Biofarma DoRa Kozí jogurt ochucený borůvkou",
    "price": "31,90 Kč",
    "unit_price": "212.67 Kč/kg",
    "package_amount": "150 g",
    "subcategory_name": "Jogurty - BIO a farmářské",
    "subcategory_url": "https://www.rohlik.cz/c300105070-bio-a-farmarske"
  },
  {
    "name": "Rodopi Jogurt bulharského typu malina",
    "price": "44,90 Kč",
    "unit_price": "224.5 Kč/kg",
    "package_amount": "200 g",
    "subcategory_name": "Jogurty - BIO a farmářské",
    "subcategory_url": "https://www.rohlik.cz/c300105070-bio-a-farmarske"
  },
  {
    "name": "Alnatura BIO Kozí jogurt vanilka",
    "price": "38,90 Kč",
    "unit_price": "311.2 Kč/kg",
    "package_amount": "125 g",
    "subcategory_name": "Jogurty - BIO a farmářské",
    "subcategory_url": "https://www.rohlik.cz/c300105070-bio-a-farmarske"
  },
  {
    "name": "Alnatura BIO Panna Cotta malina",
    "price": "65,90 Kč",
    "unit_price": "506.92 Kč/kg",
    "package_amount": "130 g",
    "subcategory_name": "Jogurty - BIO a farmářské",
    "subcategory_url": "https://www.rohlik.cz/c300105070-bio-a-farmarske"
  },
  {
    "name": "Statek Horní Dvorce Ovčí jogurt borůvkový",
    "price": "57,90 Kč",
    "unit_price": "386 Kč/l",
    "package_amount": "150 ml",
    "subcategory_name": "Jogurty - BIO a farmářské",
    "subcategory_url": "https://www.rohlik.cz/c300105070-bio-a-farmarske"
  },
  {
    "name": "Rodopi Jogurt bulharského typu čokoláda",
    "price": "44,90 Kč",
    "unit_price": "224.5 Kč/kg",
    "package_amount": "200 g",
    "subcategory_name": "Jogurty - BIO a farmářské",
    "subcategory_url": "https://www.rohlik.cz/c300105070-bio-a-farmarske"
  },
  {
    "name": "Bon Lait Kozí jogurt stracciatella",
    "price": "33,90 Kč",
    "unit_price": "226 Kč/kg",
    "package_amount": "150 g",
    "subcategory_name": "Jogurty - BIO a farmářské",
    "subcategory_url": "https://www.rohlik.cz/c300105070-bio-a-farmarske"
  },
  {
    "name": "Statek Horní Dvorce Ovčí jogurt jahodový",
    "price": "57,90 Kč",
    "unit_price": "386 Kč/l",
    "package_amount": "150 ml",
    "subcategory_name": "Jogurty - BIO a farmářské",
    "subcategory_url": "https://www.rohlik.cz/c300105070-bio-a-farmarske"
  },
  {
    "name": "Bon Lait Ovčí jogurt slaný karamel",
    "price": "34,90 Kč",
    "unit_price": "232.67 Kč/kg",
    "package_amount": "150 g",
    "subcategory_name": "Jogurty - BIO a farmářské",
    "subcategory_url": "https://www.rohlik.cz/c300105070-bio-a-farmarske"
  },
  {
    "name": "Farma rodiny Němcovy Farmářský jogurt s karamelem",
    "price": "30,90 Kč",
    "unit_price": "206 Kč/kg",
    "package_amount": "150 g",
    "subcategory_name": "Jogurty - BIO a farmářské",
    "subcategory_url": "https://www.rohlik.cz/c300105070-bio-a-farmarske"
  },
  {
    "name": "Bon Lait Kozí Jogurt slaný karamel",
    "price": "35,90 Kč",
    "unit_price": "239.33 Kč/kg",
    "package_amount": "150 g",
    "subcategory_name": "Jogurty - BIO a farmářské",
    "subcategory_url": "https://www.rohlik.cz/c300105070-bio-a-farmarske"
  },
  {
    "name": "Farma rodiny Němcovy Tvarohový krém slazený s jahodami",
    "price": "52,90 Kč",
    "unit_price": "440.83 Kč/kg",
    "package_amount": "120 g",
    "subcategory_name": "Jogurty - BIO a farmářské",
    "subcategory_url": "https://www.rohlik.cz/c300105070-bio-a-farmarske"
  },
  {
    "name": "Rohlik.cz Hustej jogurt s müsli, karamelem a ořechy mini",
    "price": "67,90 Kč",
    "unit_price": "377.22 Kč/kg",
    "package_amount": "180 g",
    "subcategory_name": "Jogurty - BIO a farmářské",
    "subcategory_url": "https://www.rohlik.cz/c300105070-bio-a-farmarske"
  },
  {
    "name": "Zott Protein Puding čokoláda",
    "price": "34,90 Kč",
    "unit_price": "174.5 Kč/kg",
    "package_amount": "200 g",
    "subcategory_name": "Jogurty - Mléčné",
    "subcategory_url": "https://www.rohlik.cz/c300123555-mlecne-ryze-krupice-pudingy-a-dezerty"
  },
  {
    "name": "Zott Protein Puding vanilka",
    "price": "34,90 Kč",
    "unit_price": "174.5 Kč/kg",
    "package_amount": "200 g",
    "subcategory_name": "Jogurty - Mléčné",
    "subcategory_url": "https://www.rohlik.cz/c300123555-mlecne-ryze-krupice-pudingy-a-dezerty"
  },
  {
    "name": "Mlékárna Kunín Mléčná krupice neochucená",
    "price": "22,90 Kč",
    "unit_price": "152.67 Kč/kg",
    "package_amount": "150 g",
    "subcategory_name": "Jogurty - Mléčné",
    "subcategory_url": "https://www.rohlik.cz/c300123555-mlecne-ryze-krupice-pudingy-a-dezerty"
  },
  {
    "name": "Ehrmann Grand Dessert Classic čokoládový",
    "price": "36,90 Kč",
    "unit_price": "194.21 Kč/kg",
    "package_amount": "190 g",
    "subcategory_name": "Jogurty - Mléčné",
    "subcategory_url": "https://www.rohlik.cz/c300123555-mlecne-ryze-krupice-pudingy-a-dezerty"
  },
  {
    "name": "Ehrmann Grand Dessert Rum Grape Nut se šlehačkou",
    "price": "36,90 Kč",
    "unit_price": "194.21 Kč/kg",
    "package_amount": "190 g",
    "subcategory_name": "Jogurty - Mléčné",
    "subcategory_url": "https://www.rohlik.cz/c300123555-mlecne-ryze-krupice-pudingy-a-dezerty"
  },
  {
    "name": "Zott Protein puding karamel",
    "price": "34,90 Kč",
    "unit_price": "174.5 Kč/kg",
    "package_amount": "200 g",
    "subcategory_name": "Jogurty - Mléčné",
    "subcategory_url": "https://www.rohlik.cz/c300123555-mlecne-ryze-krupice-pudingy-a-dezerty"
  },
  {
    "name": "Ehrmann Grand Dessert puding dezert se šlehačkou Double Choc",
    "price": "36,90 Kč",
    "unit_price": "194.21 Kč/kg",
    "package_amount": "190 g",
    "subcategory_name": "Jogurty - Mléčné",
    "subcategory_url": "https://www.rohlik.cz/c300123555-mlecne-ryze-krupice-pudingy-a-dezerty"
  },
  {
    "name": "Bobík Maxi smetanový krém s vanilkovou příchutí",
    "price": "19,90 Kč",
    "unit_price": "153.08 Kč/kg",
    "package_amount": "130 g",
    "subcategory_name": "Jogurty - Mléčné",
    "subcategory_url": "https://www.rohlik.cz/c300123555-mlecne-ryze-krupice-pudingy-a-dezerty"
  },
  {
    "name": "Zott Monte -30 % cukru 4×55 g",
    "price": "32,90 Kč",
    "unit_price": "149.55 Kč/kg",
    "package_amount": "220 g",
    "subcategory_name": "Jogurty - Mléčné",
    "subcategory_url": "https://www.rohlik.cz/c300123555-mlecne-ryze-krupice-pudingy-a-dezerty"
  },
  {
    "name": "Mlékárna Kunín Mléčná krupice čokoláda",
    "price": "22,90 Kč",
    "unit_price": "152.67 Kč/kg",
    "package_amount": "150 g",
    "subcategory_name": "Jogurty - Mléčné",
    "subcategory_url": "https://www.rohlik.cz/c300123555-mlecne-ryze-krupice-pudingy-a-dezerty"
  },
  {
    "name": "Pribináček Krupička mléčná",
    "price": "21,90 Kč",
    "unit_price": "156.43 Kč/kg",
    "package_amount": "140 g",
    "subcategory_name": "Jogurty - Mléčné",
    "subcategory_url": "https://www.rohlik.cz/c300123555-mlecne-ryze-krupice-pudingy-a-dezerty"
  },
  {
    "name": "Mlékárna Kunín Mléčná rýže",
    "price": "17,90 Kč",
    "unit_price": "119.33 Kč/kg",
    "package_amount": "150 g",
    "subcategory_name": "Jogurty - Mléčné",
    "subcategory_url": "https://www.rohlik.cz/c300123555-mlecne-ryze-krupice-pudingy-a-dezerty"
  },
  {
    "name": "Omira BODENSEE Kakaový puding se šlehačkou",
    "price": "10,90 Kč",
    "unit_price": "54.5 Kč/kg",
    "package_amount": "200 g",
    "subcategory_name": "Jogurty - Mléčné",
    "subcategory_url": "https://www.rohlik.cz/c300123555-mlecne-ryze-krupice-pudingy-a-dezerty"
  },
  {
    "name": "Ehrmann Grand Dessert Classic vanilkový",
    "price": "36,90 Kč",
    "unit_price": "194.21 Kč/kg",
    "package_amount": "190 g",
    "subcategory_name": "Jogurty - Mléčné",
    "subcategory_url": "https://www.rohlik.cz/c300123555-mlecne-ryze-krupice-pudingy-a-dezerty"
  },
  {
    "name": "Mlékárna Kunín Mléčná krupice jahoda",
    "price": "22,90 Kč",
    "unit_price": "152.67 Kč/kg",
    "package_amount": "150 g",
    "subcategory_name": "Jogurty - Mléčné",
    "subcategory_url": "https://www.rohlik.cz/c300123555-mlecne-ryze-krupice-pudingy-a-dezerty"
  },
  {
    "name": "Pribináček Krupička se skořicí",
    "price": "21,90 Kč",
    "unit_price": "156.43 Kč/kg",
    "package_amount": "140 g",
    "subcategory_name": "Jogurty - Mléčné",
    "subcategory_url": "https://www.rohlik.cz/c300123555-mlecne-ryze-krupice-pudingy-a-dezerty"
  },
  {
    "name": "Müller Riso Mléčná rýže čokoláda",
    "price": "24,90 Kč",
    "unit_price": "124.5 Kč/kg",
    "package_amount": "200 g",
    "subcategory_name": "Jogurty - Mléčné",
    "subcategory_url": "https://www.rohlik.cz/c300123555-mlecne-ryze-krupice-pudingy-a-dezerty"
  },
  {
    "name": "Ehrmann Grand Dessert puding dezert se šlehačkou Schoko Stracciatella",
    "price": "36,90 Kč",
    "unit_price": "194.21 Kč/kg",
    "package_amount": "190 g",
    "subcategory_name": "Jogurty - Mléčné",
    "subcategory_url": "https://www.rohlik.cz/c300123555-mlecne-ryze-krupice-pudingy-a-dezerty"
  },
  {
    "name": "Olma Dezert pudingový se šlehačkou čokoládový",
    "price": "18,90 Kč",
    "unit_price": "94.5 Kč/kg",
    "package_amount": "200 g",
    "subcategory_name": "Jogurty - Mléčné",
    "subcategory_url": "https://www.rohlik.cz/c300123555-mlecne-ryze-krupice-pudingy-a-dezerty"
  },
  {
    "name": "Ehrmann Robby puding čokoláda, kapsička",
    "price": "22,90 Kč",
    "unit_price": "254.44 Kč/kg",
    "package_amount": "90 g",
    "subcategory_name": "Jogurty - Mléčné",
    "subcategory_url": "https://www.rohlik.cz/c300123555-mlecne-ryze-krupice-pudingy-a-dezerty"
  },
  {
    "name": "Mlékárna Kunín Oveska jahoda",
    "price": "24,90 Kč",
    "unit_price": "166 Kč/kg",
    "package_amount": "150 g",
    "subcategory_name": "Jogurty - Mléčné",
    "subcategory_url": "https://www.rohlik.cz/c300123555-mlecne-ryze-krupice-pudingy-a-dezerty"
  },
  {
    "name": "Omira BODENSEE Vanilkový pudink se šlehačkou",
    "price": "10,90 Kč",
    "unit_price": "54.5 Kč/kg",
    "package_amount": "200 g",
    "subcategory_name": "Jogurty - Mléčné",
    "subcategory_url": "https://www.rohlik.cz/c300123555-mlecne-ryze-krupice-pudingy-a-dezerty"
  },
  {
    "name": "Müller Riso Mléčná rýže skořice",
    "price": "24,90 Kč",
    "unit_price": "124.5 Kč/kg",
    "package_amount": "200 g",
    "subcategory_name": "Jogurty - Mléčné",
    "subcategory_url": "https://www.rohlik.cz/c300123555-mlecne-ryze-krupice-pudingy-a-dezerty"
  },
  {
    "name": "Ehrmann Grand Dessert Double Toffee",
    "price": "36,90 Kč",
    "unit_price": "194.21 Kč/kg",
    "package_amount": "190 g",
    "subcategory_name": "Jogurty - Mléčné",
    "subcategory_url": "https://www.rohlik.cz/c300123555-mlecne-ryze-krupice-pudingy-a-dezerty"
  },
  {
    "name": "Mlékárna Kunín Mléčná krupička s kakaem",
    "price": "30,90 Kč",
    "unit_price": "206 Kč/kg",
    "package_amount": "150 g",
    "subcategory_name": "Jogurty - Mléčné",
    "subcategory_url": "https://www.rohlik.cz/c300123555-mlecne-ryze-krupice-pudingy-a-dezerty"
  },
  {
    "name": "Zott Monte dezert 4×55 g",
    "price": "32,90 Kč",
    "unit_price": "149.55 Kč/kg",
    "package_amount": "220 g",
    "subcategory_name": "Jogurty - Mléčné",
    "subcategory_url": "https://www.rohlik.cz/c300123555-mlecne-ryze-krupice-pudingy-a-dezerty"
  },
  {
    "name": "Zott Srdíčko puding čokoláda/vanilka 4×125 g",
    "price": "29,10 Kč",
    "unit_price": "58.2 Kč/kg",
    "package_amount": "500 g",
    "subcategory_name": "Jogurty - Mléčné",
    "subcategory_url": "https://www.rohlik.cz/c300123555-mlecne-ryze-krupice-pudingy-a-dezerty"
  },
  {
    "name": "Danone YoPRO Protein puding s čokoládovo-lískooříškovou příchutí",
    "price": "29,90 Kč",
    "unit_price": "166.11 Kč/kg",
    "package_amount": "180 g",
    "subcategory_name": "Jogurty - Mléčné",
    "subcategory_url": "https://www.rohlik.cz/c300123555-mlecne-ryze-krupice-pudingy-a-dezerty"
  },
  {
    "name": "Ehrmann Grand Dessert Pistachio Style",
    "price": "36,90 Kč",
    "unit_price": "194.21 Kč/kg",
    "package_amount": "190 g",
    "subcategory_name": "Jogurty - Mléčné",
    "subcategory_url": "https://www.rohlik.cz/c300123555-mlecne-ryze-krupice-pudingy-a-dezerty"
  },
  {
    "name": "Mlékárna Kunín Mléčná rýže malina",
    "price": "18,90 Kč",
    "unit_price": "108 Kč/kg",
    "package_amount": "175 g",
    "subcategory_name": "Jogurty - Mléčné",
    "subcategory_url": "https://www.rohlik.cz/c300123555-mlecne-ryze-krupice-pudingy-a-dezerty"
  },
  {
    "name": "Müller Riso Mléčná rýže višeň",
    "price": "24,90 Kč",
    "unit_price": "124.5 Kč/kg",
    "package_amount": "200 g",
    "subcategory_name": "Jogurty - Mléčné",
    "subcategory_url": "https://www.rohlik.cz/c300123555-mlecne-ryze-krupice-pudingy-a-dezerty"
  },
  {
    "name": "Mlékárna Kunín Mléčná rýže karamel",
    "price": "18,90 Kč",
    "unit_price": "108 Kč/kg",
    "package_amount": "175 g",
    "subcategory_name": "Jogurty - Mléčné",
    "subcategory_url": "https://www.rohlik.cz/c300123555-mlecne-ryze-krupice-pudingy-a-dezerty"
  },
  {
    "name": "Danette Dezert čokoládový 4×125 g",
    "price": "98,90 Kč",
    "unit_price": "197.8 Kč/kg",
    "package_amount": "500 g",
    "subcategory_name": "Jogurty - Mléčné",
    "subcategory_url": "https://www.rohlik.cz/c300123555-mlecne-ryze-krupice-pudingy-a-dezerty"
  },
  {
    "name": "Mlékárna Kunín Mléčná rýže jahoda",
    "price": "18,90 Kč",
    "unit_price": "108 Kč/kg",
    "package_amount": "175 g",
    "subcategory_name": "Jogurty - Mléčné",
    "subcategory_url": "https://www.rohlik.cz/c300123555-mlecne-ryze-krupice-pudingy-a-dezerty"
  },
  {
    "name": "Ehrmann Grand Dessert puding dezert se šlehačkou Choc Noir",
    "price": "36,90 Kč",
    "unit_price": "194.21 Kč/kg",
    "package_amount": "190 g",
    "subcategory_name": "Jogurty - Mléčné",
    "subcategory_url": "https://www.rohlik.cz/c300123555-mlecne-ryze-krupice-pudingy-a-dezerty"
  },
  {
    "name": "Zott Monte -30 % cukru",
    "price": "27,90 Kč",
    "unit_price": "186 Kč/kg",
    "package_amount": "150 g",
    "subcategory_name": "Jogurty - Mléčné",
    "subcategory_url": "https://www.rohlik.cz/c300123555-mlecne-ryze-krupice-pudingy-a-dezerty"
  },
  {
    "name": "Mlékárna Kunín Oveska",
    "price": "24,90 Kč",
    "unit_price": "166 Kč/kg",
    "package_amount": "150 g",
    "subcategory_name": "Jogurty - Mléčné",
    "subcategory_url": "https://www.rohlik.cz/c300123555-mlecne-ryze-krupice-pudingy-a-dezerty"
  },
  {
    "name": "Rians Crème Brûlée 2×100 g",
    "price": "95,30 Kč",
    "unit_price": "476.5 Kč/kg",
    "package_amount": "200 g",
    "subcategory_name": "Jogurty - Mléčné",
    "subcategory_url": "https://www.rohlik.cz/c300123555-mlecne-ryze-krupice-pudingy-a-dezerty"
  },
  {
    "name": "Olma Dezert pudingový se šlehačkou vanilkový",
    "price": "18,90 Kč",
    "unit_price": "94.5 Kč/kg",
    "package_amount": "200 g",
    "subcategory_name": "Jogurty - Mléčné",
    "subcategory_url": "https://www.rohlik.cz/c300123555-mlecne-ryze-krupice-pudingy-a-dezerty"
  },
  {
    "name": "Ehrmann High Protein puding s příchutí bílé čokolády",
    "price": "42,90 Kč",
    "unit_price": "214.5 Kč/kg",
    "package_amount": "200 g",
    "subcategory_name": "Jogurty - Mléčné",
    "subcategory_url": "https://www.rohlik.cz/c300123555-mlecne-ryze-krupice-pudingy-a-dezerty"
  },
  {
    "name": "Bobík Maxi smetanový krém čokoládový",
    "price": "19,90 Kč",
    "unit_price": "153.08 Kč/kg",
    "package_amount": "130 g",
    "subcategory_name": "Jogurty - Mléčné",
    "subcategory_url": "https://www.rohlik.cz/c300123555-mlecne-ryze-krupice-pudingy-a-dezerty"
  },
  {
    "name": "Müller Riso Mléčná rýže jahoda",
    "price": "24,90 Kč",
    "unit_price": "124.5 Kč/kg",
    "package_amount": "200 g",
    "subcategory_name": "Jogurty - Mléčné",
    "subcategory_url": "https://www.rohlik.cz/c300123555-mlecne-ryze-krupice-pudingy-a-dezerty"
  },
  {
    "name": "Mlékárna Kunín Mléčná rýže čokoláda",
    "price": "18,90 Kč",
    "unit_price": "108 Kč/kg",
    "package_amount": "175 g",
    "subcategory_name": "Jogurty - Mléčné",
    "subcategory_url": "https://www.rohlik.cz/c300123555-mlecne-ryze-krupice-pudingy-a-dezerty"
  },
  {
    "name": "Zott Monte dezert 2×100 g",
    "price": "32,90 Kč",
    "unit_price": "164.5 Kč/kg",
    "package_amount": "200 g",
    "subcategory_name": "Jogurty - Mléčné",
    "subcategory_url": "https://www.rohlik.cz/c300123555-mlecne-ryze-krupice-pudingy-a-dezerty"
  },
  {
    "name": "Ehrmann High Protein puding Čokoláda",
    "price": "42,90 Kč",
    "unit_price": "214.5 Kč/kg",
    "package_amount": "200 g",
    "subcategory_name": "Jogurty - Mléčné",
    "subcategory_url": "https://www.rohlik.cz/c300123555-mlecne-ryze-krupice-pudingy-a-dezerty"
  },
  {
    "name": "Danette Dezert vanilkový",
    "price": "23,90 Kč",
    "unit_price": "191.2 Kč/kg",
    "package_amount": "125 g",
    "subcategory_name": "Jogurty - Mléčné",
    "subcategory_url": "https://www.rohlik.cz/c300123555-mlecne-ryze-krupice-pudingy-a-dezerty"
  },
  {
    "name": "Mlékárna Kunín Mléčná rýže čokoládová s kokosem",
    "price": "18,90 Kč",
    "unit_price": "108 Kč/kg",
    "package_amount": "175 g",
    "subcategory_name": "Jogurty - Mléčné",
    "subcategory_url": "https://www.rohlik.cz/c300123555-mlecne-ryze-krupice-pudingy-a-dezerty"
  },
  {
    "name": "Ehrmann High Protein pudding lískový ořech",
    "price": "42,90 Kč",
    "unit_price": "214.5 Kč/kg",
    "package_amount": "200 g",
    "subcategory_name": "Jogurty - Mléčné",
    "subcategory_url": "https://www.rohlik.cz/c300123555-mlecne-ryze-krupice-pudingy-a-dezerty"
  },
  {
    "name": "Danette Dezert čokoládový",
    "price": "23,90 Kč",
    "unit_price": "191.2 Kč/kg",
    "package_amount": "125 g",
    "subcategory_name": "Jogurty - Mléčné",
    "subcategory_url": "https://www.rohlik.cz/c300123555-mlecne-ryze-krupice-pudingy-a-dezerty"
  },
  {
    "name": "Müller Riso Mléčná rýže natural",
    "price": "24,90 Kč",
    "unit_price": "124.5 Kč/kg",
    "package_amount": "200 g",
    "subcategory_name": "Jogurty - Mléčné",
    "subcategory_url": "https://www.rohlik.cz/c300123555-mlecne-ryze-krupice-pudingy-a-dezerty"
  },
  {
    "name": "Mlékárna Kunín Pohár mléčný dezert s příchutí jahoda",
    "price": "19,90 Kč",
    "unit_price": "132.67 Kč/kg",
    "package_amount": "150 g",
    "subcategory_name": "Jogurty - Mléčné",
    "subcategory_url": "https://www.rohlik.cz/c300123555-mlecne-ryze-krupice-pudingy-a-dezerty"
  },
  {
    "name": "Ehrmann High Protein joghurt Chocballs",
    "price": "46,70 Kč",
    "unit_price": "233.5 Kč/kg",
    "package_amount": "200 g",
    "subcategory_name": "Jogurty - Mléčné",
    "subcategory_url": "https://www.rohlik.cz/c300123555-mlecne-ryze-krupice-pudingy-a-dezerty"
  },
  {
    "name": "Mlékárna Kunín Mléčná rýže borůvka a vanilka",
    "price": "18,90 Kč",
    "unit_price": "108 Kč/kg",
    "package_amount": "175 g",
    "subcategory_name": "Jogurty - Mléčné",
    "subcategory_url": "https://www.rohlik.cz/c300123555-mlecne-ryze-krupice-pudingy-a-dezerty"
  },
  {
    "name": "Ehrmann High Protein mousse čokoláda",
    "price": "58,90 Kč",
    "unit_price": "294.5 Kč/kg",
    "package_amount": "200 g",
    "subcategory_name": "Jogurty - Mléčné",
    "subcategory_url": "https://www.rohlik.cz/c300123555-mlecne-ryze-krupice-pudingy-a-dezerty"
  },
  {
    "name": "Danone YoPRO Protein puding s vanilkovou příchutí",
    "price": "29,90 Kč",
    "unit_price": "166.11 Kč/kg",
    "package_amount": "180 g",
    "subcategory_name": "Jogurty - Mléčné",
    "subcategory_url": "https://www.rohlik.cz/c300123555-mlecne-ryze-krupice-pudingy-a-dezerty"
  },
  {
    "name": "Zott Monte White",
    "price": "27,90 Kč",
    "unit_price": "186 Kč/kg",
    "package_amount": "150 g",
    "subcategory_name": "Jogurty - Mléčné",
    "subcategory_url": "https://www.rohlik.cz/c300123555-mlecne-ryze-krupice-pudingy-a-dezerty"
  },
  {
    "name": "Bobík Maxi smetanový krém čokovanilka",
    "price": "19,90 Kč",
    "unit_price": "153.08 Kč/kg",
    "package_amount": "130 g",
    "subcategory_name": "Jogurty - Mléčné",
    "subcategory_url": "https://www.rohlik.cz/c300123555-mlecne-ryze-krupice-pudingy-a-dezerty"
  },
  {
    "name": "Ehrmann High Protein pudding s toppingem čokoláda",
    "price": "58,90 Kč",
    "unit_price": "294.5 Kč/kg",
    "package_amount": "200 g",
    "subcategory_name": "Jogurty - Mléčné",
    "subcategory_url": "https://www.rohlik.cz/c300123555-mlecne-ryze-krupice-pudingy-a-dezerty"
  },
  {
    "name": "Zott Srdíčko puding vanilka/čokoláda 4×125 g",
    "price": "29,10 Kč",
    "unit_price": "58.2 Kč/kg",
    "package_amount": "500 g",
    "subcategory_name": "Jogurty - Mléčné",
    "subcategory_url": "https://www.rohlik.cz/c300123555-mlecne-ryze-krupice-pudingy-a-dezerty"
  },
  {
    "name": "Rians La Panna Cotta Red Fruit 2×120 g",
    "price": "87,50 Kč",
    "unit_price": "364.58 Kč/kg",
    "package_amount": "240 g",
    "subcategory_name": "Jogurty - Mléčné",
    "subcategory_url": "https://www.rohlik.cz/c300123555-mlecne-ryze-krupice-pudingy-a-dezerty"
  },
  {
    "name": "Ehrmann High Protein puding Vanilka",
    "price": "42,90 Kč",
    "unit_price": "214.5 Kč/kg",
    "package_amount": "200 g",
    "subcategory_name": "Jogurty - Mléčné",
    "subcategory_url": "https://www.rohlik.cz/c300123555-mlecne-ryze-krupice-pudingy-a-dezerty"
  },
  {
    "name": "Ehrmann High Protein pudding pistácie",
    "price": "42,90 Kč",
    "unit_price": "214.5 Kč/kg",
    "package_amount": "200 g",
    "subcategory_name": "Jogurty - Mléčné",
    "subcategory_url": "https://www.rohlik.cz/c300123555-mlecne-ryze-krupice-pudingy-a-dezerty"
  },
  {
    "name": "Zott Protein mousse vanilka",
    "price": "51,90 Kč",
    "unit_price": "259.5 Kč/kg",
    "package_amount": "200 g",
    "subcategory_name": "Jogurty - Mléčné",
    "subcategory_url": "https://www.rohlik.cz/c300123555-mlecne-ryze-krupice-pudingy-a-dezerty"
  },
  {
    "name": "Zott Monte XXL mega dezert",
    "price": "57,90 Kč",
    "unit_price": "144.75 Kč/kg",
    "package_amount": "400 g",
    "subcategory_name": "Jogurty - Mléčné",
    "subcategory_url": "https://www.rohlik.cz/c300123555-mlecne-ryze-krupice-pudingy-a-dezerty"
  },
  {
    "name": "Mlékárna Kunín Pohár mléčný dezert s příchutí meruňka",
    "price": "19,90 Kč",
    "unit_price": "132.67 Kč/kg",
    "package_amount": "150 g",
    "subcategory_name": "Jogurty - Mléčné",
    "subcategory_url": "https://www.rohlik.cz/c300123555-mlecne-ryze-krupice-pudingy-a-dezerty"
  },
  {
    "name": "Danone YoPRO Protein puding s karamelovou příchutí",
    "price": "29,90 Kč",
    "unit_price": "166.11 Kč/kg",
    "package_amount": "180 g",
    "subcategory_name": "Jogurty - Mléčné",
    "subcategory_url": "https://www.rohlik.cz/c300123555-mlecne-ryze-krupice-pudingy-a-dezerty"
  },
  {
    "name": "Ehrmann High Protein puding Karamel",
    "price": "42,90 Kč",
    "unit_price": "214.5 Kč/kg",
    "package_amount": "200 g",
    "subcategory_name": "Jogurty - Mléčné",
    "subcategory_url": "https://www.rohlik.cz/c300123555-mlecne-ryze-krupice-pudingy-a-dezerty"
  },
  {
    "name": "Ehrmann High Protein pudding s toppingem double white choc",
    "price": "58,90 Kč",
    "unit_price": "294.5 Kč/kg",
    "package_amount": "200 g",
    "subcategory_name": "Jogurty - Mléčné",
    "subcategory_url": "https://www.rohlik.cz/c300123555-mlecne-ryze-krupice-pudingy-a-dezerty"
  },
  {
    "name": "Alnatura BIO Rýžový puding",
    "price": "49,90 Kč",
    "unit_price": "249.5 Kč/kg",
    "package_amount": "200 g",
    "subcategory_name": "Jogurty - Mléčné",
    "subcategory_url": "https://www.rohlik.cz/c300123555-mlecne-ryze-krupice-pudingy-a-dezerty"
  },
  {
    "name": "Rians Panna Cotta s mangem a ovocným pyré 2×120 g",
    "price": "87,50 Kč",
    "unit_price": "364.58 Kč/kg",
    "package_amount": "240 g",
    "subcategory_name": "Jogurty - Mléčné",
    "subcategory_url": "https://www.rohlik.cz/c300123555-mlecne-ryze-krupice-pudingy-a-dezerty"
  },
  {
    "name": "Ehrmann High Protein pudding s toppingem vanilka",
    "price": "58,90 Kč",
    "unit_price": "294.5 Kč/kg",
    "package_amount": "200 g",
    "subcategory_name": "Jogurty - Mléčné",
    "subcategory_url": "https://www.rohlik.cz/c300123555-mlecne-ryze-krupice-pudingy-a-dezerty"
  },
  {
    "name": "Zott Cremore Duo čokoláda",
    "price": "27,90 Kč",
    "unit_price": "146.84 Kč/kg",
    "package_amount": "190 g",
    "subcategory_name": "Jogurty - Mléčné",
    "subcategory_url": "https://www.rohlik.cz/c300123555-mlecne-ryze-krupice-pudingy-a-dezerty"
  },
  {
    "name": "Ehrmann High Protein mousse pistácie",
    "price": "58,90 Kč",
    "unit_price": "294.5 Kč/kg",
    "package_amount": "200 g",
    "subcategory_name": "Jogurty - Mléčné",
    "subcategory_url": "https://www.rohlik.cz/c300123555-mlecne-ryze-krupice-pudingy-a-dezerty"
  },
  {
    "name": "Les Créations Krémové Tiramisu se sladkou kávovou omáčkou",
    "price": "79,90 Kč",
    "unit_price": "399.5 Kč/kg",
    "package_amount": "200 g",
    "subcategory_name": "Jogurty - Mléčné",
    "subcategory_url": "https://www.rohlik.cz/c300123555-mlecne-ryze-krupice-pudingy-a-dezerty"
  },
  {
    "name": "Ehrmann High Protein mousse stracciatella style",
    "price": "58,90 Kč",
    "unit_price": "294.5 Kč/kg",
    "package_amount": "200 g",
    "subcategory_name": "Jogurty - Mléčné",
    "subcategory_url": "https://www.rohlik.cz/c300123555-mlecne-ryze-krupice-pudingy-a-dezerty"
  },
  {
    "name": "Müller Puding krupice vanilka a višeň",
    "price": "51,90 Kč",
    "unit_price": "115.33 Kč/kg",
    "package_amount": "450 g",
    "subcategory_name": "Jogurty - Mléčné",
    "subcategory_url": "https://www.rohlik.cz/c300123555-mlecne-ryze-krupice-pudingy-a-dezerty"
  },
  {
    "name": "Mlékárna Kunín Pohár mléčný dezert s příchutí borůvka",
    "price": "19,90 Kč",
    "unit_price": "132.67 Kč/kg",
    "package_amount": "150 g",
    "subcategory_name": "Jogurty - Mléčné",
    "subcategory_url": "https://www.rohlik.cz/c300123555-mlecne-ryze-krupice-pudingy-a-dezerty"
  },
  {
    "name": "Rians Čokoládový dezert s malinami",
    "price": "49,90 Kč",
    "unit_price": "399.2 Kč/kg",
    "package_amount": "125 g",
    "subcategory_name": "Jogurty - Mléčné",
    "subcategory_url": "https://www.rohlik.cz/c300123555-mlecne-ryze-krupice-pudingy-a-dezerty"
  },
  {
    "name": "Ehrmann High Protein puding s topingem double choc",
    "price": "58,90 Kč",
    "unit_price": "294.5 Kč/kg",
    "package_amount": "200 g",
    "subcategory_name": "Jogurty - Mléčné",
    "subcategory_url": "https://www.rohlik.cz/c300123555-mlecne-ryze-krupice-pudingy-a-dezerty"
  },
  {
    "name": "Fusero Panna Cotta pistáciový dezert",
    "price": "49,90 Kč",
    "unit_price": "399.2 Kč/kg",
    "package_amount": "125 g",
    "subcategory_name": "Jogurty - Mléčné",
    "subcategory_url": "https://www.rohlik.cz/c300123555-mlecne-ryze-krupice-pudingy-a-dezerty"
  },
  {
    "name": "Ehrmann High Protein mousse vanilka",
    "price": "58,90 Kč",
    "unit_price": "294.5 Kč/kg",
    "package_amount": "200 g",
    "subcategory_name": "Jogurty - Mléčné",
    "subcategory_url": "https://www.rohlik.cz/c300123555-mlecne-ryze-krupice-pudingy-a-dezerty"
  },
  {
    "name": "Mlékárna Kunín Mléčná rýže maxi",
    "price": "53,90 Kč",
    "unit_price": "119.78 Kč/kg",
    "package_amount": "450 g",
    "subcategory_name": "Jogurty - Mléčné",
    "subcategory_url": "https://www.rohlik.cz/c300123555-mlecne-ryze-krupice-pudingy-a-dezerty"
  },
  {
    "name": "Rians Čokoládový dezert s pomerančem",
    "price": "49,90 Kč",
    "unit_price": "399.2 Kč/kg",
    "package_amount": "125 g",
    "subcategory_name": "Jogurty - Mléčné",
    "subcategory_url": "https://www.rohlik.cz/c300123555-mlecne-ryze-krupice-pudingy-a-dezerty"
  },
  {
    "name": "Alnatura BIO Panna Cotta malina",
    "price": "65,90 Kč",
    "unit_price": "506.92 Kč/kg",
    "package_amount": "130 g",
    "subcategory_name": "Jogurty - Mléčné",
    "subcategory_url": "https://www.rohlik.cz/c300123555-mlecne-ryze-krupice-pudingy-a-dezerty"
  },
  {
    "name": "Alnatura BIO Pudink čokoládový",
    "price": "49,90 Kč",
    "unit_price": "332.67 Kč/kg",
    "package_amount": "150 g",
    "subcategory_name": "Jogurty - Mléčné",
    "subcategory_url": "https://www.rohlik.cz/c300123555-mlecne-ryze-krupice-pudingy-a-dezerty"
  },
  {
    "name": "Ehrmann High Protein Mousse Salted Caramel Style",
    "price": "58,90 Kč",
    "unit_price": "294.5 Kč/kg",
    "package_amount": "200 g",
    "subcategory_name": "Jogurty - Mléčné",
    "subcategory_url": "https://www.rohlik.cz/c300123555-mlecne-ryze-krupice-pudingy-a-dezerty"
  },
  {
    "name": "Kasha Choco coco rýžová kaše s kokosovým mlékem a kakaem",
    "price": "69,90 Kč",
    "unit_price": "349.5 Kč/kg",
    "package_amount": "200 g",
    "subcategory_name": "Jogurty - Mléčné",
    "subcategory_url": "https://www.rohlik.cz/c300123555-mlecne-ryze-krupice-pudingy-a-dezerty"
  },
  {
    "name": "Fusero Panna Cotta kávový dezert",
    "price": "47,90 Kč",
    "unit_price": "383.2 Kč/kg",
    "package_amount": "125 g",
    "subcategory_name": "Jogurty - Mléčné",
    "subcategory_url": "https://www.rohlik.cz/c300123555-mlecne-ryze-krupice-pudingy-a-dezerty"
  },
  {
    "name": "Alnatura BIO Pudink vanilkový",
    "price": "49,90 Kč",
    "unit_price": "332.67 Kč/kg",
    "package_amount": "150 g",
    "subcategory_name": "Jogurty - Mléčné",
    "subcategory_url": "https://www.rohlik.cz/c300123555-mlecne-ryze-krupice-pudingy-a-dezerty"
  },
  {
    "name": "Fusero Panna Cotta líškooříškový dezert",
    "price": "47,90 Kč",
    "unit_price": "383.2 Kč/kg",
    "package_amount": "125 g",
    "subcategory_name": "Jogurty - Mléčné",
    "subcategory_url": "https://www.rohlik.cz/c300123555-mlecne-ryze-krupice-pudingy-a-dezerty"
  },
  {
    "name": "Kasha Merry berry rýžová kaše s lesními plody",
    "price": "69,90 Kč",
    "unit_price": "349.5 Kč/kg",
    "package_amount": "200 g",
    "subcategory_name": "Jogurty - Mléčné",
    "subcategory_url": "https://www.rohlik.cz/c300123555-mlecne-ryze-krupice-pudingy-a-dezerty"
  },
  {
    "name": "Caseificio Val d'Aveto Jogurtový dezert s mandlemi a lískovými ořechy",
    "price": "59,90 Kč",
    "unit_price": "399.33 Kč/kg",
    "package_amount": "150 g",
    "subcategory_name": "Jogurty - Mléčné",
    "subcategory_url": "https://www.rohlik.cz/c300123555-mlecne-ryze-krupice-pudingy-a-dezerty"
  },
  {
    "name": "Kasha Protein rýžová kaše s čokoládou a banánem",
    "price": "77,90 Kč",
    "unit_price": "389.5 Kč/kg",
    "package_amount": "200 g",
    "subcategory_name": "Jogurty - Mléčné",
    "subcategory_url": "https://www.rohlik.cz/c300123555-mlecne-ryze-krupice-pudingy-a-dezerty"
  },
  {
    "name": "Fusero Panna Cotta dezert",
    "price": "47,90 Kč",
    "unit_price": "383.2 Kč/kg",
    "package_amount": "125 g",
    "subcategory_name": "Jogurty - Mléčné",
    "subcategory_url": "https://www.rohlik.cz/c300123555-mlecne-ryze-krupice-pudingy-a-dezerty"
  },
  {
    "name": "Caseificio Val d'Aveto Jogurtový dezert s borůvkami",
    "price": "59,90 Kč",
    "unit_price": "399.33 Kč/kg",
    "package_amount": "150 g",
    "subcategory_name": "Jogurty - Mléčné",
    "subcategory_url": "https://www.rohlik.cz/c300123555-mlecne-ryze-krupice-pudingy-a-dezerty"
  },
  {
    "name": "Rians Krémový dezert karamelový 2×90 g",
    "price": "97,20 Kč",
    "unit_price": "540 Kč/kg",
    "package_amount": "180 g",
    "subcategory_name": "Jogurty - Mléčné",
    "subcategory_url": "https://www.rohlik.cz/c300123555-mlecne-ryze-krupice-pudingy-a-dezerty"
  },
  {
    "name": "Caseificio Val d'Aveto Jogurtový dezert s čokoládou",
    "price": "59,90 Kč",
    "unit_price": "399.33 Kč/kg",
    "package_amount": "150 g",
    "subcategory_name": "Jogurty - Mléčné",
    "subcategory_url": "https://www.rohlik.cz/c300123555-mlecne-ryze-krupice-pudingy-a-dezerty"
  },
  {
    "name": "Kasha Protein rýžová kaše s lesním ovocem",
    "price": "77,90 Kč",
    "unit_price": "389.5 Kč/kg",
    "package_amount": "200 g",
    "subcategory_name": "Jogurty - Mléčné",
    "subcategory_url": "https://www.rohlik.cz/c300123555-mlecne-ryze-krupice-pudingy-a-dezerty"
  },
  {
    "name": "Fusero Pastry Cream krémový dezert",
    "price": "47,90 Kč",
    "unit_price": "383.2 Kč/kg",
    "package_amount": "125 g",
    "subcategory_name": "Jogurty - Mléčné",
    "subcategory_url": "https://www.rohlik.cz/c300123555-mlecne-ryze-krupice-pudingy-a-dezerty"
  },
  {
    "name": "Ehrmann Robby puding vanilka, kapsička",
    "price": "22,90 Kč",
    "unit_price": "254.44 Kč/kg",
    "package_amount": "90 g",
    "subcategory_name": "Jogurty - Mléčné",
    "subcategory_url": "https://www.rohlik.cz/c300123555-mlecne-ryze-krupice-pudingy-a-dezerty"
  },
  {
    "name": "Zott Protein mousse choco",
    "price": "51,90 Kč",
    "unit_price": "259.5 Kč/kg",
    "package_amount": "200 g",
    "subcategory_name": "Jogurty - Mléčné",
    "subcategory_url": "https://www.rohlik.cz/c300123555-mlecne-ryze-krupice-pudingy-a-dezerty"
  },
  {
    "name": "Danette Dezert vanilkový 4×125 g",
    "price": "98,90 Kč",
    "unit_price": "197.8 Kč/kg",
    "package_amount": "500 g",
    "subcategory_name": "Jogurty - Mléčné",
    "subcategory_url": "https://www.rohlik.cz/c300123555-mlecne-ryze-krupice-pudingy-a-dezerty"
  },
  {
    "name": "Les Créations Mousse Našlehaná čokoládovo-vaječná pěna",
    "price": "69,90 Kč",
    "unit_price": "388.33 Kč/kg",
    "package_amount": "180 g",
    "subcategory_name": "Jogurty - Mléčné",
    "subcategory_url": "https://www.rohlik.cz/c300123555-mlecne-ryze-krupice-pudingy-a-dezerty"
  },
  {
    "name": "Fusero Panna Cotta kakaový dezert",
    "price": "47,90 Kč",
    "unit_price": "383.2 Kč/kg",
    "package_amount": "125 g",
    "subcategory_name": "Jogurty - Mléčné",
    "subcategory_url": "https://www.rohlik.cz/c300123555-mlecne-ryze-krupice-pudingy-a-dezerty"
  },
  {
    "name": "Caseificio Val d'Aveto Jogurtový dezert s pistáciemi",
    "price": "59,90 Kč",
    "unit_price": "399.33 Kč/kg",
    "package_amount": "150 g",
    "subcategory_name": "Jogurty - Mléčné",
    "subcategory_url": "https://www.rohlik.cz/c300123555-mlecne-ryze-krupice-pudingy-a-dezerty"
  },
  {
    "name": "Caseificio Val d'Aveto Jogurtový dezert s lesními plody",
    "price": "59,90 Kč",
    "unit_price": "399.33 Kč/kg",
    "package_amount": "150 g",
    "subcategory_name": "Jogurty - Mléčné",
    "subcategory_url": "https://www.rohlik.cz/c300123555-mlecne-ryze-krupice-pudingy-a-dezerty"
  },
  {
    "name": "Müller Mousse jahoda (2×95 g)",
    "price": "36,90 Kč",
    "unit_price": "194.21 Kč/kg",
    "package_amount": "190 g",
    "subcategory_name": "Jogurty - Mléčné",
    "subcategory_url": "https://www.rohlik.cz/c300123555-mlecne-ryze-krupice-pudingy-a-dezerty"
  },
  {
    "name": "Miil Smetanový jogurt bílý 10 % tuku",
    "price": "23,90 Kč",
    "unit_price": "59.75 Kč/kg",
    "package_amount": "400 g",
    "subcategory_name": "Jogurty - Rodinná balení",
    "subcategory_url": "https://www.rohlik.cz/c300123550-rodinna-baleni-a-jogurty-ve-skle"
  },
  {
    "name": "Hollandia Selský jogurt bílý 3,5%",
    "price": "29,90 Kč",
    "unit_price": "59.8 Kč/kg",
    "package_amount": "500 g",
    "subcategory_name": "Jogurty - Rodinná balení",
    "subcategory_url": "https://www.rohlik.cz/c300123550-rodinna-baleni-a-jogurty-ve-skle"
  },
  {
    "name": "Milko Řecký jogurt 0 % bílý kbelík",
    "price": "119,90 Kč",
    "unit_price": "119.9 Kč/kg",
    "package_amount": "1 kg",
    "subcategory_name": "Jogurty - Rodinná balení",
    "subcategory_url": "https://www.rohlik.cz/c300123550-rodinna-baleni-a-jogurty-ve-skle"
  },
  {
    "name": "Activia Probiotický jogurt bílý 4×120 g",
    "price": "69,90 Kč",
    "unit_price": "145.63 Kč/kg",
    "package_amount": "480 g",
    "subcategory_name": "Jogurty - Rodinná balení",
    "subcategory_url": "https://www.rohlik.cz/c300123550-rodinna-baleni-a-jogurty-ve-skle"
  },
  {
    "name": "Hollandia Selský jogurt bílý",
    "price": "78,90 Kč",
    "unit_price": "78.9 Kč/kg",
    "package_amount": "1 kg",
    "subcategory_name": "Jogurty - Rodinná balení",
    "subcategory_url": "https://www.rohlik.cz/c300123550-rodinna-baleni-a-jogurty-ve-skle"
  },
  {
    "name": "Zorba Smetanový jogurt natur 10%",
    "price": "94,90 Kč",
    "unit_price": "94.9 Kč/kg",
    "package_amount": "1 kg",
    "subcategory_name": "Jogurty - Rodinná balení",
    "subcategory_url": "https://www.rohlik.cz/c300123550-rodinna-baleni-a-jogurty-ve-skle"
  },
  {
    "name": "Agrola Jogurt jahoda",
    "price": "27,90 Kč",
    "unit_price": "139.5 Kč/kg",
    "package_amount": "200 g",
    "subcategory_name": "Jogurty - Rodinná balení",
    "subcategory_url": "https://www.rohlik.cz/c300123550-rodinna-baleni-a-jogurty-ve-skle"
  },
  {
    "name": "Milko Řecký jogurt bílý 5 %",
    "price": "119,90 Kč",
    "unit_price": "119.9 Kč/kg",
    "package_amount": "1 kg",
    "subcategory_name": "Jogurty - Rodinná balení",
    "subcategory_url": "https://www.rohlik.cz/c300123550-rodinna-baleni-a-jogurty-ve-skle"
  },
  {
    "name": "Pappudia Jogurt s mangem bez přidaného cukru",
    "price": "63,90 Kč",
    "unit_price": "319.5 Kč/kg",
    "package_amount": "200 g",
    "subcategory_name": "Jogurty - Rodinná balení",
    "subcategory_url": "https://www.rohlik.cz/c300123550-rodinna-baleni-a-jogurty-ve-skle"
  },
  {
    "name": "Mlékárna Kunín Athentikos jogurt bílý",
    "price": "40,90 Kč",
    "unit_price": "102.25 Kč/kg",
    "package_amount": "400 g",
    "subcategory_name": "Jogurty - Rodinná balení",
    "subcategory_url": "https://www.rohlik.cz/c300123550-rodinna-baleni-a-jogurty-ve-skle"
  },
  {
    "name": "Agrola Jogurt meruňka",
    "price": "27,90 Kč",
    "unit_price": "139.5 Kč/kg",
    "package_amount": "200 g",
    "subcategory_name": "Jogurty - Rodinná balení",
    "subcategory_url": "https://www.rohlik.cz/c300123550-rodinna-baleni-a-jogurty-ve-skle"
  },
  {
    "name": "Activia Probiotický jogurt bílý 8×120g",
    "price": "134,90 Kč",
    "unit_price": "140.52 Kč/kg",
    "package_amount": "0,96 kg",
    "subcategory_name": "Jogurty - Rodinná balení",
    "subcategory_url": "https://www.rohlik.cz/c300123550-rodinna-baleni-a-jogurty-ve-skle"
  },
  {
    "name": "Activia Probiotický jogurt s müsli 4×120 g",
    "price": "69,90 Kč",
    "unit_price": "145.63 Kč/kg",
    "package_amount": "480 g",
    "subcategory_name": "Jogurty - Rodinná balení",
    "subcategory_url": "https://www.rohlik.cz/c300123550-rodinna-baleni-a-jogurty-ve-skle"
  },
  {
    "name": "Activia Probiotický jogurt jahoda 4×120 g",
    "price": "69,90 Kč",
    "unit_price": "145.63 Kč/kg",
    "package_amount": "480 g",
    "subcategory_name": "Jogurty - Rodinná balení",
    "subcategory_url": "https://www.rohlik.cz/c300123550-rodinna-baleni-a-jogurty-ve-skle"
  },
  {
    "name": "Agrola Jogurt borůvka",
    "price": "27,90 Kč",
    "unit_price": "139.5 Kč/kg",
    "package_amount": "200 g",
    "subcategory_name": "Jogurty - Rodinná balení",
    "subcategory_url": "https://www.rohlik.cz/c300123550-rodinna-baleni-a-jogurty-ve-skle"
  },
  {
    "name": "Rohlik.cz Hustej jogurt s müsli, karamelem a ořechy",
    "price": "79,90 Kč",
    "unit_price": "261.97 Kč/kg",
    "package_amount": "305 g",
    "subcategory_name": "Jogurty - Rodinná balení",
    "subcategory_url": "https://www.rohlik.cz/c300123550-rodinna-baleni-a-jogurty-ve-skle"
  },
  {
    "name": "Agrola Jogurt bílý",
    "price": "26,90 Kč",
    "unit_price": "134.5 Kč/kg",
    "package_amount": "200 g",
    "subcategory_name": "Jogurty - Rodinná balení",
    "subcategory_url": "https://www.rohlik.cz/c300123550-rodinna-baleni-a-jogurty-ve-skle"
  },
  {
    "name": "Pappudia Jogurt s borůvkami a banány bez přidaného cukru",
    "price": "63,90 Kč",
    "unit_price": "319.5 Kč/kg",
    "package_amount": "200 g",
    "subcategory_name": "Jogurty - Rodinná balení",
    "subcategory_url": "https://www.rohlik.cz/c300123550-rodinna-baleni-a-jogurty-ve-skle"
  },
  {
    "name": "Galaos Originál řecký jogurt 10 % tuku",
    "price": "184,90 Kč",
    "unit_price": "184.9 Kč/kg",
    "package_amount": "1 kg",
    "subcategory_name": "Jogurty - Rodinná balení",
    "subcategory_url": "https://www.rohlik.cz/c300123550-rodinna-baleni-a-jogurty-ve-skle"
  },
  {
    "name": "Danette Dezert čokoládový 4×125 g",
    "price": "98,90 Kč",
    "unit_price": "197.8 Kč/kg",
    "package_amount": "500 g",
    "subcategory_name": "Jogurty - Rodinná balení",
    "subcategory_url": "https://www.rohlik.cz/c300123550-rodinna-baleni-a-jogurty-ve-skle"
  },
  {
    "name": "Activia Probiotický jogurt meruňka 4×120 g",
    "price": "69,90 Kč",
    "unit_price": "145.63 Kč/kg",
    "package_amount": "480 g",
    "subcategory_name": "Jogurty - Rodinná balení",
    "subcategory_url": "https://www.rohlik.cz/c300123550-rodinna-baleni-a-jogurty-ve-skle"
  },
  {
    "name": "Activia Probiotický jogurt bílý slazený 4×120 g",
    "price": "69,90 Kč",
    "unit_price": "145.63 Kč/kg",
    "package_amount": "480 g",
    "subcategory_name": "Jogurty - Rodinná balení",
    "subcategory_url": "https://www.rohlik.cz/c300123550-rodinna-baleni-a-jogurty-ve-skle"
  },
  {
    "name": "Rohlik.cz Hustej jogurt s müsli, banány a jahodami",
    "price": "79,90 Kč",
    "unit_price": "261.97 Kč/kg",
    "package_amount": "305 g",
    "subcategory_name": "Jogurty - Rodinná balení",
    "subcategory_url": "https://www.rohlik.cz/c300123550-rodinna-baleni-a-jogurty-ve-skle"
  },
  {
    "name": "Bohemilk Opočenský smetanový jogurt hruška s karamelem",
    "price": "29,90 Kč",
    "unit_price": "199.33 Kč/kg",
    "package_amount": "150 g",
    "subcategory_name": "Jogurty - Rodinná balení",
    "subcategory_url": "https://www.rohlik.cz/c300123550-rodinna-baleni-a-jogurty-ve-skle"
  },
  {
    "name": "Můj Jogurt Brownie",
    "price": "159,90 Kč",
    "unit_price": "463.48 Kč/kg",
    "package_amount": "345 g",
    "subcategory_name": "Jogurty - Rodinná balení",
    "subcategory_url": "https://www.rohlik.cz/c300123550-rodinna-baleni-a-jogurty-ve-skle"
  },
  {
    "name": "Můj Jogurt Pistáciový",
    "price": "159,90 Kč",
    "unit_price": "463.48 Kč/kg",
    "package_amount": "345 g",
    "subcategory_name": "Jogurty - Rodinná balení",
    "subcategory_url": "https://www.rohlik.cz/c300123550-rodinna-baleni-a-jogurty-ve-skle"
  },
  {
    "name": "Bohemilk Opočenský smetanový jogurt malina",
    "price": "29,90 Kč",
    "unit_price": "199.33 Kč/kg",
    "package_amount": "150 g",
    "subcategory_name": "Jogurty - Rodinná balení",
    "subcategory_url": "https://www.rohlik.cz/c300123550-rodinna-baleni-a-jogurty-ve-skle"
  },
  {
    "name": "Bohemilk Opočenský bílý jogurt smetanový",
    "price": "91,90 Kč",
    "unit_price": "91.9 Kč/kg",
    "package_amount": "1 kg",
    "subcategory_name": "Jogurty - Rodinná balení",
    "subcategory_url": "https://www.rohlik.cz/c300123550-rodinna-baleni-a-jogurty-ve-skle"
  },
  {
    "name": "Rodopi Jogurt bulharského typu bílý",
    "price": "59,90 Kč",
    "unit_price": "133.11 Kč/kg",
    "package_amount": "450 g",
    "subcategory_name": "Jogurty - Rodinná balení",
    "subcategory_url": "https://www.rohlik.cz/c300123550-rodinna-baleni-a-jogurty-ve-skle"
  },
  {
    "name": "Bohemilk Opočenský jogurt ve skle broskev a meruňka",
    "price": "28,90 Kč",
    "unit_price": "192.67 Kč/kg",
    "package_amount": "150 g",
    "subcategory_name": "Jogurty - Rodinná balení",
    "subcategory_url": "https://www.rohlik.cz/c300123550-rodinna-baleni-a-jogurty-ve-skle"
  },
  {
    "name": "Mlékárna Kunín Selský jogurt bílý",
    "price": "21,90 Kč",
    "unit_price": "109.5 Kč/kg",
    "package_amount": "200 g",
    "subcategory_name": "Jogurty - Rodinná balení",
    "subcategory_url": "https://www.rohlik.cz/c300123550-rodinna-baleni-a-jogurty-ve-skle"
  },
  {
    "name": "Mlékárna Kunín Selský jogurt bílý",
    "price": "29,90 Kč",
    "unit_price": "74.75 Kč/kg",
    "package_amount": "400 g",
    "subcategory_name": "Jogurty - Rodinná balení",
    "subcategory_url": "https://www.rohlik.cz/c300123550-rodinna-baleni-a-jogurty-ve-skle"
  },
  {
    "name": "Bohemilk Opočenský smetanový jogurt černý rybíz",
    "price": "29,90 Kč",
    "unit_price": "199.33 Kč/kg",
    "package_amount": "150 g",
    "subcategory_name": "Jogurty - Rodinná balení",
    "subcategory_url": "https://www.rohlik.cz/c300123550-rodinna-baleni-a-jogurty-ve-skle"
  },
  {
    "name": "Activia Probiotický jogurt bílý slazený 8×120 g",
    "price": "134,90 Kč",
    "unit_price": "140.52 Kč/kg",
    "package_amount": "0,96 kg",
    "subcategory_name": "Jogurty - Rodinná balení",
    "subcategory_url": "https://www.rohlik.cz/c300123550-rodinna-baleni-a-jogurty-ve-skle"
  },
  {
    "name": "Můj Jogurt Řecký",
    "price": "159,90 Kč",
    "unit_price": "463.48 Kč/kg",
    "package_amount": "345 g",
    "subcategory_name": "Jogurty - Rodinná balení",
    "subcategory_url": "https://www.rohlik.cz/c300123550-rodinna-baleni-a-jogurty-ve-skle"
  },
  {
    "name": "Rohlik.cz Hustej jogurt s müsli, banány a jahodami mini",
    "price": "67,90 Kč",
    "unit_price": "377.22 Kč/kg",
    "package_amount": "180 g",
    "subcategory_name": "Jogurty - Rodinná balení",
    "subcategory_url": "https://www.rohlik.cz/c300123550-rodinna-baleni-a-jogurty-ve-skle"
  },
  {
    "name": "Mlékárna Ohaře Jogurt bílý",
    "price": "43,70 Kč",
    "unit_price": "190 Kč/kg",
    "package_amount": "230 g",
    "subcategory_name": "Jogurty - Rodinná balení",
    "subcategory_url": "https://www.rohlik.cz/c300123550-rodinna-baleni-a-jogurty-ve-skle"
  },
  {
    "name": "Rohlik.cz Hustej jogurt s müsli a hořkou čokoládou",
    "price": "79,90 Kč",
    "unit_price": "261.97 Kč/kg",
    "package_amount": "305 g",
    "subcategory_name": "Jogurty - Rodinná balení",
    "subcategory_url": "https://www.rohlik.cz/c300123550-rodinna-baleni-a-jogurty-ve-skle"
  },
  {
    "name": "Rians Ovčí jogurt natural",
    "price": "45,60 Kč",
    "unit_price": "396.52 Kč/kg",
    "package_amount": "115 g",
    "subcategory_name": "Jogurty - Rodinná balení",
    "subcategory_url": "https://www.rohlik.cz/c300123550-rodinna-baleni-a-jogurty-ve-skle"
  },
  {
    "name": "Farma rodiny Němcovy Jogurt bílý",
    "price": "94,90 Kč",
    "unit_price": "94.9 Kč/kg",
    "package_amount": "1 kg",
    "subcategory_name": "Jogurty - Rodinná balení",
    "subcategory_url": "https://www.rohlik.cz/c300123550-rodinna-baleni-a-jogurty-ve-skle"
  },
  {
    "name": "Rohlik.cz BIO Selský jogurt jahoda",
    "price": "32,90 Kč",
    "unit_price": "235 Kč/kg",
    "package_amount": "140 g",
    "subcategory_name": "Jogurty - Rodinná balení",
    "subcategory_url": "https://www.rohlik.cz/c300123550-rodinna-baleni-a-jogurty-ve-skle"
  },
  {
    "name": "Můj Jogurt Raffaello",
    "price": "149,90 Kč",
    "unit_price": "454.24 Kč/kg",
    "package_amount": "330 g",
    "subcategory_name": "Jogurty - Rodinná balení",
    "subcategory_url": "https://www.rohlik.cz/c300123550-rodinna-baleni-a-jogurty-ve-skle"
  },
  {
    "name": "Rohlik.cz BIO Selský jogurt borůvka",
    "price": "32,90 Kč",
    "unit_price": "235 Kč/kg",
    "package_amount": "140 g",
    "subcategory_name": "Jogurty - Rodinná balení",
    "subcategory_url": "https://www.rohlik.cz/c300123550-rodinna-baleni-a-jogurty-ve-skle"
  },
  {
    "name": "Rians Ovčí jogurt vanilka",
    "price": "51,50 Kč",
    "unit_price": "447.83 Kč/kg",
    "package_amount": "115 g",
    "subcategory_name": "Jogurty - Rodinná balení",
    "subcategory_url": "https://www.rohlik.cz/c300123550-rodinna-baleni-a-jogurty-ve-skle"
  },
  {
    "name": "Farma rodiny Němcovy Jogurt s meruňkami",
    "price": "30,90 Kč",
    "unit_price": "206 Kč/kg",
    "package_amount": "150 g",
    "subcategory_name": "Jogurty - Rodinná balení",
    "subcategory_url": "https://www.rohlik.cz/c300123550-rodinna-baleni-a-jogurty-ve-skle"
  },
  {
    "name": "Statek Horní Dvorce Ovčí jogurt",
    "price": "47,90 Kč",
    "unit_price": "319.33 Kč/l",
    "package_amount": "150 ml",
    "subcategory_name": "Jogurty - Rodinná balení",
    "subcategory_url": "https://www.rohlik.cz/c300123550-rodinna-baleni-a-jogurty-ve-skle"
  },
  {
    "name": "Rohlik.cz BIO Selský jogurt meruňka",
    "price": "32,90 Kč",
    "unit_price": "235 Kč/kg",
    "package_amount": "140 g",
    "subcategory_name": "Jogurty - Rodinná balení",
    "subcategory_url": "https://www.rohlik.cz/c300123550-rodinna-baleni-a-jogurty-ve-skle"
  },
  {
    "name": "Bohemilk Opočenský jogurt ve skle jahoda",
    "price": "28,90 Kč",
    "unit_price": "192.67 Kč/kg",
    "package_amount": "150 g",
    "subcategory_name": "Jogurty - Rodinná balení",
    "subcategory_url": "https://www.rohlik.cz/c300123550-rodinna-baleni-a-jogurty-ve-skle"
  },
  {
    "name": "Müller Puding krupice vanilka a višeň",
    "price": "51,90 Kč",
    "unit_price": "115.33 Kč/kg",
    "package_amount": "450 g",
    "subcategory_name": "Jogurty - Rodinná balení",
    "subcategory_url": "https://www.rohlik.cz/c300123550-rodinna-baleni-a-jogurty-ve-skle"
  },
  {
    "name": "Farma rodiny Němcovy Farmářský jogurt jablko, rozinka, skořice",
    "price": "30,90 Kč",
    "unit_price": "206 Kč/kg",
    "package_amount": "150 g",
    "subcategory_name": "Jogurty - Rodinná balení",
    "subcategory_url": "https://www.rohlik.cz/c300123550-rodinna-baleni-a-jogurty-ve-skle"
  },
  {
    "name": "Rohlik.cz Hustej jogurt s müsli a hořkou čokoládou mini",
    "price": "67,90 Kč",
    "unit_price": "377.22 Kč/kg",
    "package_amount": "180 g",
    "subcategory_name": "Jogurty - Rodinná balení",
    "subcategory_url": "https://www.rohlik.cz/c300123550-rodinna-baleni-a-jogurty-ve-skle"
  },
  {
    "name": "Farma rodiny Němcovy Tvarohový krém slazený s příchutí čokolády",
    "price": "52,90 Kč",
    "unit_price": "440.83 Kč/kg",
    "package_amount": "120 g",
    "subcategory_name": "Jogurty - Rodinná balení",
    "subcategory_url": "https://www.rohlik.cz/c300123550-rodinna-baleni-a-jogurty-ve-skle"
  },
  {
    "name": "Farma rodiny Němcovy Jogurt bílý",
    "price": "54,90 Kč",
    "unit_price": "171.56 Kč/kg",
    "package_amount": "320 g",
    "subcategory_name": "Jogurty - Rodinná balení",
    "subcategory_url": "https://www.rohlik.cz/c300123550-rodinna-baleni-a-jogurty-ve-skle"
  },
  {
    "name": "Farma rodiny Němcovy Jogurt bílý",
    "price": "30,90 Kč",
    "unit_price": "206 Kč/kg",
    "package_amount": "150 g",
    "subcategory_name": "Jogurty - Rodinná balení",
    "subcategory_url": "https://www.rohlik.cz/c300123550-rodinna-baleni-a-jogurty-ve-skle"
  },
  {
    "name": "Rians Čokoládový dezert s malinami",
    "price": "49,90 Kč",
    "unit_price": "399.2 Kč/kg",
    "package_amount": "125 g",
    "subcategory_name": "Jogurty - Rodinná balení",
    "subcategory_url": "https://www.rohlik.cz/c300123550-rodinna-baleni-a-jogurty-ve-skle"
  },
  {
    "name": "Rodopi Jogurt bulharského typu bílý",
    "price": "33,90 Kč",
    "unit_price": "169.5 Kč/kg",
    "package_amount": "200 g",
    "subcategory_name": "Jogurty - Rodinná balení",
    "subcategory_url": "https://www.rohlik.cz/c300123550-rodinna-baleni-a-jogurty-ve-skle"
  },
  {
    "name": "Rodopi Jogurt bulharského typu vanilka",
    "price": "44,90 Kč",
    "unit_price": "224.5 Kč/kg",
    "package_amount": "200 g",
    "subcategory_name": "Jogurty - Rodinná balení",
    "subcategory_url": "https://www.rohlik.cz/c300123550-rodinna-baleni-a-jogurty-ve-skle"
  },
  {
    "name": "Fruitisimo Cake cup kokos a čokoláda",
    "price": "29,16 Kč",
    "unit_price": "224.31 Kč/kg",
    "package_amount": "130 g",
    "subcategory_name": "Jogurty - Rodinná balení",
    "subcategory_url": "https://www.rohlik.cz/c300123550-rodinna-baleni-a-jogurty-ve-skle"
  },
  {
    "name": "Rians Ovčí jogurt Broskve a meruňky",
    "price": "51,50 Kč",
    "unit_price": "447.83 Kč/kg",
    "package_amount": "115 g",
    "subcategory_name": "Jogurty - Rodinná balení",
    "subcategory_url": "https://www.rohlik.cz/c300123550-rodinna-baleni-a-jogurty-ve-skle"
  },
  {
    "name": "Mlékárna Ohaře Jogurt čokoládový",
    "price": "48,50 Kč",
    "unit_price": "210.87 Kč/kg",
    "package_amount": "230 g",
    "subcategory_name": "Jogurty - Rodinná balení",
    "subcategory_url": "https://www.rohlik.cz/c300123550-rodinna-baleni-a-jogurty-ve-skle"
  },
  {
    "name": "Rodopi Jogurt bulharského typu malina",
    "price": "44,90 Kč",
    "unit_price": "224.5 Kč/kg",
    "package_amount": "200 g",
    "subcategory_name": "Jogurty - Rodinná balení",
    "subcategory_url": "https://www.rohlik.cz/c300123550-rodinna-baleni-a-jogurty-ve-skle"
  },
  {
    "name": "Wild & Coco BIO Biotic Cocoguard Premium",
    "price": "454,90 Kč",
    "unit_price": "454.9 Kč/kg",
    "package_amount": "1 kg",
    "subcategory_name": "Jogurty - Rodinná balení",
    "subcategory_url": "https://www.rohlik.cz/c300123550-rodinna-baleni-a-jogurty-ve-skle"
  },
  {
    "name": "Rians Čokoládový dezert s pomerančem",
    "price": "49,90 Kč",
    "unit_price": "399.2 Kč/kg",
    "package_amount": "125 g",
    "subcategory_name": "Jogurty - Rodinná balení",
    "subcategory_url": "https://www.rohlik.cz/c300123550-rodinna-baleni-a-jogurty-ve-skle"
  },
  {
    "name": "Statek Horní Dvorce Ovčí jogurt borůvkový",
    "price": "57,90 Kč",
    "unit_price": "386 Kč/l",
    "package_amount": "150 ml",
    "subcategory_name": "Jogurty - Rodinná balení",
    "subcategory_url": "https://www.rohlik.cz/c300123550-rodinna-baleni-a-jogurty-ve-skle"
  },
  {
    "name": "Rodopi Jogurt bulharského typu čokoláda",
    "price": "44,90 Kč",
    "unit_price": "224.5 Kč/kg",
    "package_amount": "200 g",
    "subcategory_name": "Jogurty - Rodinná balení",
    "subcategory_url": "https://www.rohlik.cz/c300123550-rodinna-baleni-a-jogurty-ve-skle"
  },
  {
    "name": "Kasha Choco coco rýžová kaše s kokosovým mlékem a kakaem",
    "price": "69,90 Kč",
    "unit_price": "349.5 Kč/kg",
    "package_amount": "200 g",
    "subcategory_name": "Jogurty - Rodinná balení",
    "subcategory_url": "https://www.rohlik.cz/c300123550-rodinna-baleni-a-jogurty-ve-skle"
  },
  {
    "name": "Statek Horní Dvorce Ovčí jogurt jahodový",
    "price": "57,90 Kč",
    "unit_price": "386 Kč/l",
    "package_amount": "150 ml",
    "subcategory_name": "Jogurty - Rodinná balení",
    "subcategory_url": "https://www.rohlik.cz/c300123550-rodinna-baleni-a-jogurty-ve-skle"
  },
  {
    "name": "Farma rodiny Němcovy Jogurt s jahodami",
    "price": "64,90 Kč",
    "unit_price": "202.81 Kč/kg",
    "package_amount": "320 g",
    "subcategory_name": "Jogurty - Rodinná balení",
    "subcategory_url": "https://www.rohlik.cz/c300123550-rodinna-baleni-a-jogurty-ve-skle"
  },
  {
    "name": "Farma rodiny Němcovy Farmářský jogurt s karamelem",
    "price": "30,90 Kč",
    "unit_price": "206 Kč/kg",
    "package_amount": "150 g",
    "subcategory_name": "Jogurty - Rodinná balení",
    "subcategory_url": "https://www.rohlik.cz/c300123550-rodinna-baleni-a-jogurty-ve-skle"
  },
  {
    "name": "Kasha Merry berry rýžová kaše s lesními plody",
    "price": "69,90 Kč",
    "unit_price": "349.5 Kč/kg",
    "package_amount": "200 g",
    "subcategory_name": "Jogurty - Rodinná balení",
    "subcategory_url": "https://www.rohlik.cz/c300123550-rodinna-baleni-a-jogurty-ve-skle"
  },
  {
    "name": "Kasha Protein rýžová kaše s čokoládou a banánem",
    "price": "77,90 Kč",
    "unit_price": "389.5 Kč/kg",
    "package_amount": "200 g",
    "subcategory_name": "Jogurty - Rodinná balení",
    "subcategory_url": "https://www.rohlik.cz/c300123550-rodinna-baleni-a-jogurty-ve-skle"
  },
  {
    "name": "Farma rodiny Němcovy Tvarohový krém slazený s jahodami",
    "price": "52,90 Kč",
    "unit_price": "440.83 Kč/kg",
    "package_amount": "120 g",
    "subcategory_name": "Jogurty - Rodinná balení",
    "subcategory_url": "https://www.rohlik.cz/c300123550-rodinna-baleni-a-jogurty-ve-skle"
  },
  {
    "name": "Kasha Protein rýžová kaše s lesním ovocem",
    "price": "77,90 Kč",
    "unit_price": "389.5 Kč/kg",
    "package_amount": "200 g",
    "subcategory_name": "Jogurty - Rodinná balení",
    "subcategory_url": "https://www.rohlik.cz/c300123550-rodinna-baleni-a-jogurty-ve-skle"
  },
  {
    "name": "Danette Dezert vanilkový 4×125 g",
    "price": "98,90 Kč",
    "unit_price": "197.8 Kč/kg",
    "package_amount": "500 g",
    "subcategory_name": "Jogurty - Rodinná balení",
    "subcategory_url": "https://www.rohlik.cz/c300123550-rodinna-baleni-a-jogurty-ve-skle"
  },
  {
    "name": "Rohlik.cz Hustej jogurt s müsli, karamelem a ořechy mini",
    "price": "67,90 Kč",
    "unit_price": "377.22 Kč/kg",
    "package_amount": "180 g",
    "subcategory_name": "Jogurty - Rodinná balení",
    "subcategory_url": "https://www.rohlik.cz/c300123550-rodinna-baleni-a-jogurty-ve-skle"
  },
  {
    "name": "Fruitisimo Cake cup pistácie a maliny",
    "price": "29,16 Kč",
    "unit_price": "224.31 Kč/kg",
    "package_amount": "130 g",
    "subcategory_name": "Jogurty - Rodinná balení",
    "subcategory_url": "https://www.rohlik.cz/c300123550-rodinna-baleni-a-jogurty-ve-skle"
  },
  {
    "name": "Miil Skyr natur",
    "price": "16,90 Kč",
    "unit_price": "112.67 Kč/kg",
    "package_amount": "150 g",
    "subcategory_name": "Jogurty - Řecké",
    "subcategory_url": "https://www.rohlik.cz/c300123532-recke-reckeho-typu-a-skyry"
  },
  {
    "name": "Milko Řecký jogurt 0 % bílý",
    "price": "21,90 Kč",
    "unit_price": "156.43 Kč/kg",
    "package_amount": "140 g",
    "subcategory_name": "Jogurty - Řecké",
    "subcategory_url": "https://www.rohlik.cz/c300123532-recke-reckeho-typu-a-skyry"
  },
  {
    "name": "Milko Řecký jogurt 0 % bílý kbelík",
    "price": "119,90 Kč",
    "unit_price": "119.9 Kč/kg",
    "package_amount": "1 kg",
    "subcategory_name": "Jogurty - Řecké",
    "subcategory_url": "https://www.rohlik.cz/c300123532-recke-reckeho-typu-a-skyry"
  },
  {
    "name": "Milko Řecký jogurt 5 % bílý",
    "price": "21,90 Kč",
    "unit_price": "156.43 Kč/kg",
    "package_amount": "140 g",
    "subcategory_name": "Jogurty - Řecké",
    "subcategory_url": "https://www.rohlik.cz/c300123532-recke-reckeho-typu-a-skyry"
  },
  {
    "name": "Galaos Originál řecký jogurt",
    "price": "97,20 Kč",
    "unit_price": "194.4 Kč/kg",
    "package_amount": "500 g",
    "subcategory_name": "Jogurty - Řecké",
    "subcategory_url": "https://www.rohlik.cz/c300123532-recke-reckeho-typu-a-skyry"
  },
  {
    "name": "Elinas Jogurt řeckého typu natur",
    "price": "22,90 Kč",
    "unit_price": "152.67 Kč/kg",
    "package_amount": "150 g",
    "subcategory_name": "Jogurty - Řecké",
    "subcategory_url": "https://www.rohlik.cz/c300123532-recke-reckeho-typu-a-skyry"
  },
  {
    "name": "Milko Můj Skyr 0 % mango",
    "price": "21,90 Kč",
    "unit_price": "168.46 Kč/kg",
    "package_amount": "130 g",
    "subcategory_name": "Jogurty - Řecké",
    "subcategory_url": "https://www.rohlik.cz/c300123532-recke-reckeho-typu-a-skyry"
  },
  {
    "name": "Milko Můj Skyr 0 % vanilka",
    "price": "21,90 Kč",
    "unit_price": "168.46 Kč/kg",
    "package_amount": "130 g",
    "subcategory_name": "Jogurty - Řecké",
    "subcategory_url": "https://www.rohlik.cz/c300123532-recke-reckeho-typu-a-skyry"
  },
  {
    "name": "Bohušovická mlékárna Skyr 0,1 % natur",
    "price": "38,90 Kč",
    "unit_price": "111.14 Kč/kg",
    "package_amount": "350 g",
    "subcategory_name": "Jogurty - Řecké",
    "subcategory_url": "https://www.rohlik.cz/c300123532-recke-reckeho-typu-a-skyry"
  },
  {
    "name": "Milko Řecký jogurt 0 % čokoláda",
    "price": "21,90 Kč",
    "unit_price": "156.43 Kč/kg",
    "package_amount": "140 g",
    "subcategory_name": "Jogurty - Řecké",
    "subcategory_url": "https://www.rohlik.cz/c300123532-recke-reckeho-typu-a-skyry"
  },
  {
    "name": "Kri-Kri Originál řecký jogurt 10 %",
    "price": "33 Kč",
    "unit_price": "220 Kč/kg",
    "package_amount": "150 g",
    "subcategory_name": "Jogurty - Řecké",
    "subcategory_url": "https://www.rohlik.cz/c300123532-recke-reckeho-typu-a-skyry"
  },
  {
    "name": "Milko Můj Skyr 0 % kokos",
    "price": "21,90 Kč",
    "unit_price": "168.46 Kč/kg",
    "package_amount": "130 g",
    "subcategory_name": "Jogurty - Řecké",
    "subcategory_url": "https://www.rohlik.cz/c300123532-recke-reckeho-typu-a-skyry"
  },
  {
    "name": "Milko BIO Řecký jogurt bílý 0 %",
    "price": "21,90 Kč",
    "unit_price": "168.46 Kč/kg",
    "package_amount": "130 g",
    "subcategory_name": "Jogurty - Řecké",
    "subcategory_url": "https://www.rohlik.cz/c300123532-recke-reckeho-typu-a-skyry"
  },
  {
    "name": "Galaos Řecký jogurt 0 % tuku",
    "price": "94,90 Kč",
    "unit_price": "189.8 Kč/kg",
    "package_amount": "500 g",
    "subcategory_name": "Jogurty - Řecké",
    "subcategory_url": "https://www.rohlik.cz/c300123532-recke-reckeho-typu-a-skyry"
  },
  {
    "name": "Milko Řecký jogurt bílý 5 %",
    "price": "119,90 Kč",
    "unit_price": "119.9 Kč/kg",
    "package_amount": "1 kg",
    "subcategory_name": "Jogurty - Řecké",
    "subcategory_url": "https://www.rohlik.cz/c300123532-recke-reckeho-typu-a-skyry"
  },
  {
    "name": "Mlékárna Kunín Athentikos jogurt bílý",
    "price": "40,90 Kč",
    "unit_price": "102.25 Kč/kg",
    "package_amount": "400 g",
    "subcategory_name": "Jogurty - Řecké",
    "subcategory_url": "https://www.rohlik.cz/c300123532-recke-reckeho-typu-a-skyry"
  },
  {
    "name": "Milko Můj Skyr 0 % jahoda",
    "price": "21,90 Kč",
    "unit_price": "168.46 Kč/kg",
    "package_amount": "130 g",
    "subcategory_name": "Jogurty - Řecké",
    "subcategory_url": "https://www.rohlik.cz/c300123532-recke-reckeho-typu-a-skyry"
  },
  {
    "name": "Kri-Kri Originál řecký jogurt 10%",
    "price": "160,50 Kč",
    "unit_price": "160.5 Kč/kg",
    "package_amount": "1 kg",
    "subcategory_name": "Jogurty - Řecké",
    "subcategory_url": "https://www.rohlik.cz/c300123532-recke-reckeho-typu-a-skyry"
  },
  {
    "name": "Milko Řecký jogurt 0 % vanilka",
    "price": "21,90 Kč",
    "unit_price": "156.43 Kč/kg",
    "package_amount": "140 g",
    "subcategory_name": "Jogurty - Řecké",
    "subcategory_url": "https://www.rohlik.cz/c300123532-recke-reckeho-typu-a-skyry"
  },
  {
    "name": "Bohušovická mlékárna Skyr 0,1 % natur",
    "price": "22,90 Kč",
    "unit_price": "176.15 Kč/kg",
    "package_amount": "130 g",
    "subcategory_name": "Jogurty - Řecké",
    "subcategory_url": "https://www.rohlik.cz/c300123532-recke-reckeho-typu-a-skyry"
  },
  {
    "name": "Mlékárna Kunín Athentikos jogurt bílý",
    "price": "22,90 Kč",
    "unit_price": "163.57 Kč/kg",
    "package_amount": "140 g",
    "subcategory_name": "Jogurty - Řecké",
    "subcategory_url": "https://www.rohlik.cz/c300123532-recke-reckeho-typu-a-skyry"
  },
  {
    "name": "Milko Řecký jogurt 0 % borůvka",
    "price": "21,90 Kč",
    "unit_price": "156.43 Kč/kg",
    "package_amount": "140 g",
    "subcategory_name": "Jogurty - Řecké",
    "subcategory_url": "https://www.rohlik.cz/c300123532-recke-reckeho-typu-a-skyry"
  },
  {
    "name": "Bohušovická mlékárna Skyr 0,1 % meruňka-broskev",
    "price": "22,90 Kč",
    "unit_price": "176.15 Kč/kg",
    "package_amount": "130 g",
    "subcategory_name": "Jogurty - Řecké",
    "subcategory_url": "https://www.rohlik.cz/c300123532-recke-reckeho-typu-a-skyry"
  },
  {
    "name": "Milko Řecký jogurt 0 % jahoda",
    "price": "21,90 Kč",
    "unit_price": "156.43 Kč/kg",
    "package_amount": "140 g",
    "subcategory_name": "Jogurty - Řecké",
    "subcategory_url": "https://www.rohlik.cz/c300123532-recke-reckeho-typu-a-skyry"
  },
  {
    "name": "Ehrmann High Protein Skyr Natur bílý",
    "price": "19,90 Kč",
    "unit_price": "132.67 Kč/kg",
    "package_amount": "150 g",
    "subcategory_name": "Jogurty - Řecké",
    "subcategory_url": "https://www.rohlik.cz/c300123532-recke-reckeho-typu-a-skyry"
  },
  {
    "name": "Milko Řecký jogurt 0 % karamel",
    "price": "21,90 Kč",
    "unit_price": "156.43 Kč/kg",
    "package_amount": "140 g",
    "subcategory_name": "Jogurty - Řecké",
    "subcategory_url": "https://www.rohlik.cz/c300123532-recke-reckeho-typu-a-skyry"
  },
  {
    "name": "Milko Můj Skyr 0 % bílý",
    "price": "21,90 Kč",
    "unit_price": "168.46 Kč/kg",
    "package_amount": "130 g",
    "subcategory_name": "Jogurty - Řecké",
    "subcategory_url": "https://www.rohlik.cz/c300123532-recke-reckeho-typu-a-skyry"
  },
  {
    "name": "Bohušovická mlékárna Skyr 0,1 % borůvka",
    "price": "22,90 Kč",
    "unit_price": "176.15 Kč/kg",
    "package_amount": "130 g",
    "subcategory_name": "Jogurty - Řecké",
    "subcategory_url": "https://www.rohlik.cz/c300123532-recke-reckeho-typu-a-skyry"
  },
  {
    "name": "Galaos Originál řecký jogurt 10 % tuku",
    "price": "184,90 Kč",
    "unit_price": "184.9 Kč/kg",
    "package_amount": "1 kg",
    "subcategory_name": "Jogurty - Řecké",
    "subcategory_url": "https://www.rohlik.cz/c300123532-recke-reckeho-typu-a-skyry"
  },
  {
    "name": "Bohušovická mlékárna Skyr 0,1 % jahoda",
    "price": "22,90 Kč",
    "unit_price": "176.15 Kč/kg",
    "package_amount": "130 g",
    "subcategory_name": "Jogurty - Řecké",
    "subcategory_url": "https://www.rohlik.cz/c300123532-recke-reckeho-typu-a-skyry"
  },
  {
    "name": "Milko Řecký jogurt 0% mango + citron/limetka 2×140 g",
    "price": "42,70 Kč",
    "unit_price": "152.5 Kč/kg",
    "package_amount": "280 g",
    "subcategory_name": "Jogurty - Řecké",
    "subcategory_url": "https://www.rohlik.cz/c300123532-recke-reckeho-typu-a-skyry"
  },
  {
    "name": "Hermes Ovčí jogurt řecký originál",
    "price": "41,90 Kč",
    "unit_price": "209.5 Kč/kg",
    "package_amount": "200 g",
    "subcategory_name": "Jogurty - Řecké",
    "subcategory_url": "https://www.rohlik.cz/c300123532-recke-reckeho-typu-a-skyry"
  },
  {
    "name": "Bohušovická mlékárna Skyr 0,1 % vanilka",
    "price": "22,90 Kč",
    "unit_price": "176.15 Kč/kg",
    "package_amount": "130 g",
    "subcategory_name": "Jogurty - Řecké",
    "subcategory_url": "https://www.rohlik.cz/c300123532-recke-reckeho-typu-a-skyry"
  },
  {
    "name": "Elinas Jogurt řeckého typu s medem",
    "price": "29,90 Kč",
    "unit_price": "199.33 Kč/kg",
    "package_amount": "150 g",
    "subcategory_name": "Jogurty - Řecké",
    "subcategory_url": "https://www.rohlik.cz/c300123532-recke-reckeho-typu-a-skyry"
  },
  {
    "name": "Neogal High protein řecký jogurt 0 % tuku bez laktózy",
    "price": "39,90 Kč",
    "unit_price": "266 Kč/kg",
    "package_amount": "150 g",
    "subcategory_name": "Jogurty - Řecké",
    "subcategory_url": "https://www.rohlik.cz/c300123532-recke-reckeho-typu-a-skyry"
  },
  {
    "name": "Mlékárna Kunín Athentikos jogurt na jahodách",
    "price": "23,90 Kč",
    "unit_price": "170.71 Kč/kg",
    "package_amount": "140 g",
    "subcategory_name": "Jogurty - Řecké",
    "subcategory_url": "https://www.rohlik.cz/c300123532-recke-reckeho-typu-a-skyry"
  },
  {
    "name": "Neogal High protein řecký jogurt 0 % tuku s kávovým extraktem",
    "price": "39,90 Kč",
    "unit_price": "266 Kč/kg",
    "package_amount": "150 g",
    "subcategory_name": "Jogurty - Řecké",
    "subcategory_url": "https://www.rohlik.cz/c300123532-recke-reckeho-typu-a-skyry"
  },
  {
    "name": "Mlékárna Kunín Athentikos jogurt na meruňkách",
    "price": "23,90 Kč",
    "unit_price": "170.71 Kč/kg",
    "package_amount": "140 g",
    "subcategory_name": "Jogurty - Řecké",
    "subcategory_url": "https://www.rohlik.cz/c300123532-recke-reckeho-typu-a-skyry"
  },
  {
    "name": "Alnatura BIO Skyr",
    "price": "74,90 Kč",
    "unit_price": "187.25 Kč/kg",
    "package_amount": "400 g",
    "subcategory_name": "Jogurty - Řecké",
    "subcategory_url": "https://www.rohlik.cz/c300123532-recke-reckeho-typu-a-skyry"
  },
  {
    "name": "Neogal High protein řecký jogurt 1 % tuku s kokosem",
    "price": "39,90 Kč",
    "unit_price": "266 Kč/kg",
    "package_amount": "150 g",
    "subcategory_name": "Jogurty - Řecké",
    "subcategory_url": "https://www.rohlik.cz/c300123532-recke-reckeho-typu-a-skyry"
  },
  {
    "name": "Neogal High Protein Řecký jogurt 0 % tuku s vanilkovým extraktem",
    "price": "39,90 Kč",
    "unit_price": "266 Kč/kg",
    "package_amount": "150 g",
    "subcategory_name": "Jogurty - Řecké",
    "subcategory_url": "https://www.rohlik.cz/c300123532-recke-reckeho-typu-a-skyry"
  },
  {
    "name": "Milko Řecký jogurt vanilka a čokoláda 2×140 g",
    "price": "42,70 Kč",
    "unit_price": "152.5 Kč/kg",
    "package_amount": "280 g",
    "subcategory_name": "Jogurty - Řecké",
    "subcategory_url": "https://www.rohlik.cz/c300123532-recke-reckeho-typu-a-skyry"
  },
  {
    "name": "Neogal High protein řecký jogurt 0 % tuku s medem",
    "price": "39,90 Kč",
    "unit_price": "266 Kč/kg",
    "package_amount": "150 g",
    "subcategory_name": "Jogurty - Řecké",
    "subcategory_url": "https://www.rohlik.cz/c300123532-recke-reckeho-typu-a-skyry"
  },
  {
    "name": "Kri Kri Jogurt řecký originál bez laktózy",
    "price": "84,90 Kč",
    "unit_price": "212.25 Kč/kg",
    "package_amount": "400 g",
    "subcategory_name": "Jogurty - Řecké",
    "subcategory_url": "https://www.rohlik.cz/c300123532-recke-reckeho-typu-a-skyry"
  },
  {
    "name": "Mlékárna Kunín Athentikos jogurt na vanilce",
    "price": "23,90 Kč",
    "unit_price": "170.71 Kč/kg",
    "package_amount": "140 g",
    "subcategory_name": "Jogurty - Řecké",
    "subcategory_url": "https://www.rohlik.cz/c300123532-recke-reckeho-typu-a-skyry"
  },
  {
    "name": "Mlékárna Kunín Athentikos jogurt na čokoládě",
    "price": "23,90 Kč",
    "unit_price": "170.71 Kč/kg",
    "package_amount": "140 g",
    "subcategory_name": "Jogurty - Řecké",
    "subcategory_url": "https://www.rohlik.cz/c300123532-recke-reckeho-typu-a-skyry"
  },
  {
    "name": "Caseificio Val d'Aveto Jogurtový dezert s mandlemi a lískovými ořechy",
    "price": "59,90 Kč",
    "unit_price": "399.33 Kč/kg",
    "package_amount": "150 g",
    "subcategory_name": "Jogurty - Řecké",
    "subcategory_url": "https://www.rohlik.cz/c300123532-recke-reckeho-typu-a-skyry"
  },
  {
    "name": "Caseificio Val d'Aveto Jogurtový dezert s borůvkami",
    "price": "59,90 Kč",
    "unit_price": "399.33 Kč/kg",
    "package_amount": "150 g",
    "subcategory_name": "Jogurty - Řecké",
    "subcategory_url": "https://www.rohlik.cz/c300123532-recke-reckeho-typu-a-skyry"
  },
  {
    "name": "Caseificio Val d'Aveto Jogurtový dezert s čokoládou",
    "price": "59,90 Kč",
    "unit_price": "399.33 Kč/kg",
    "package_amount": "150 g",
    "subcategory_name": "Jogurty - Řecké",
    "subcategory_url": "https://www.rohlik.cz/c300123532-recke-reckeho-typu-a-skyry"
  },
  {
    "name": "Caseificio Val d'Aveto Jogurtový dezert s pistáciemi",
    "price": "59,90 Kč",
    "unit_price": "399.33 Kč/kg",
    "package_amount": "150 g",
    "subcategory_name": "Jogurty - Řecké",
    "subcategory_url": "https://www.rohlik.cz/c300123532-recke-reckeho-typu-a-skyry"
  },
  {
    "name": "Caseificio Val d'Aveto Jogurtový dezert s lesními plody",
    "price": "59,90 Kč",
    "unit_price": "399.33 Kč/kg",
    "package_amount": "150 g",
    "subcategory_name": "Jogurty - Řecké",
    "subcategory_url": "https://www.rohlik.cz/c300123532-recke-reckeho-typu-a-skyry"
  },
  {
    "name": "Kitchin BIO Ghee přepuštěné máslo",
    "price": "239,90 Kč",
    "unit_price": "599.75 Kč/l",
    "package_amount": "400 ml",
    "subcategory_name": "Máslo - Máslo",
    "subcategory_url": "https://www.rohlik.cz/c300105049-maslo"
  },
  {
    "name": "Miil Máslo 82%",
    "price": "59,90 Kč",
    "unit_price": "239.6 Kč/kg",
    "package_amount": "250 g",
    "subcategory_name": "Máslo - Máslo",
    "subcategory_url": "https://www.rohlik.cz/c300105049-maslo"
  },
  {
    "name": "Madeta Jihočeské máslo 82 %",
    "price": "69,90 Kč",
    "unit_price": "279.6 Kč/kg",
    "package_amount": "250 g",
    "subcategory_name": "Máslo - Máslo",
    "subcategory_url": "https://www.rohlik.cz/c300105049-maslo"
  },
  {
    "name": "Milko Máslo",
    "price": "69,90 Kč",
    "unit_price": "279.6 Kč/kg",
    "package_amount": "250 g",
    "subcategory_name": "Máslo - Máslo",
    "subcategory_url": "https://www.rohlik.cz/c300105049-maslo"
  },
  {
    "name": "Milko BIO Máslo",
    "price": "54,90 Kč",
    "unit_price": "366 Kč/kg",
    "package_amount": "150 g",
    "subcategory_name": "Máslo - Máslo",
    "subcategory_url": "https://www.rohlik.cz/c300105049-maslo"
  },
  {
    "name": "Farma Struhy BIO Farmářské čerstvé máslo",
    "price": "97,20 Kč",
    "unit_price": "486 Kč/kg",
    "package_amount": "200 g",
    "subcategory_name": "Máslo - Máslo",
    "subcategory_url": "https://www.rohlik.cz/c300105049-maslo"
  },
  {
    "name": "Dr. Halíř Máslo",
    "price": "39,90 Kč",
    "unit_price": "319.2 Kč/kg",
    "package_amount": "125 g",
    "subcategory_name": "Máslo - Máslo",
    "subcategory_url": "https://www.rohlik.cz/c300105049-maslo"
  },
  {
    "name": "Delacto Máslo se sníženým obsahem laktózy",
    "price": "41,90 Kč",
    "unit_price": "335.2 Kč/kg",
    "package_amount": "125 g",
    "subcategory_name": "Máslo - Máslo",
    "subcategory_url": "https://www.rohlik.cz/c300105049-maslo"
  },
  {
    "name": "Gran Moravia Čerstvé máslo, ručně krájené",
    "price": "70,10 Kč",
    "unit_price": "350.5 Kč/kg",
    "package_amount": "cca 200 g",
    "subcategory_name": "Máslo - Máslo",
    "subcategory_url": "https://www.rohlik.cz/c300105049-maslo"
  },
  {
    "name": "Lacrum Roztíratelné máslo",
    "price": "69,90 Kč",
    "unit_price": "388.33 Kč/kg",
    "package_amount": "180 g",
    "subcategory_name": "Máslo - Máslo",
    "subcategory_url": "https://www.rohlik.cz/c300105049-maslo"
  },
  {
    "name": "Président La Motte máslo s mořskou solí",
    "price": "99,90 Kč",
    "unit_price": "399.6 Kč/kg",
    "package_amount": "250 g",
    "subcategory_name": "Máslo - Máslo",
    "subcategory_url": "https://www.rohlik.cz/c300105049-maslo"
  },
  {
    "name": "Dublin Dairy Irské máslo",
    "price": "99,90 Kč",
    "unit_price": "499.5 Kč/kg",
    "package_amount": "200 g",
    "subcategory_name": "Máslo - Máslo",
    "subcategory_url": "https://www.rohlik.cz/c300105049-maslo"
  },
  {
    "name": "Dublin Dairy Irské máslo slané",
    "price": "82,90 Kč",
    "unit_price": "414.5 Kč/kg",
    "package_amount": "200 g",
    "subcategory_name": "Máslo - Máslo",
    "subcategory_url": "https://www.rohlik.cz/c300105049-maslo"
  },
  {
    "name": "Parmareggio BIO Burro máslo",
    "price": "107,90 Kč",
    "unit_price": "431.6 Kč/kg",
    "package_amount": "250 g",
    "subcategory_name": "Máslo - Máslo",
    "subcategory_url": "https://www.rohlik.cz/c300105049-maslo"
  },
  {
    "name": "Meggle Bylinkové máslo",
    "price": "71,90 Kč",
    "unit_price": "575.2 Kč/kg",
    "package_amount": "125 g",
    "subcategory_name": "Máslo - Máslo",
    "subcategory_url": "https://www.rohlik.cz/c300105049-maslo"
  },
  {
    "name": "Président Máslo Plaquette jemné",
    "price": "99,90 Kč",
    "unit_price": "399.6 Kč/kg",
    "package_amount": "250 g",
    "subcategory_name": "Máslo - Máslo",
    "subcategory_url": "https://www.rohlik.cz/c300105049-maslo"
  },
  {
    "name": "Président Máslo Plaquette poloslané",
    "price": "99,90 Kč",
    "unit_price": "399.6 Kč/kg",
    "package_amount": "250 g",
    "subcategory_name": "Máslo - Máslo",
    "subcategory_url": "https://www.rohlik.cz/c300105049-maslo"
  },
  {
    "name": "Erlebnis Sennerei Máslo z louky 82 %",
    "price": "116,70 Kč",
    "unit_price": "466.8 Kč/kg",
    "package_amount": "250 g",
    "subcategory_name": "Máslo - Máslo",
    "subcategory_url": "https://www.rohlik.cz/c300105049-maslo"
  },
  {
    "name": "Delamere Dairy Burro di Capra máslo kozí",
    "price": "65,90 Kč",
    "unit_price": "527.2 Kč/kg",
    "package_amount": "125 g",
    "subcategory_name": "Máslo - Máslo",
    "subcategory_url": "https://www.rohlik.cz/c300105049-maslo"
  },
  {
    "name": "Fratelli Brazzale Máslo 84%",
    "price": "77,90 Kč",
    "unit_price": "623.2 Kč/kg",
    "package_amount": "125 g",
    "subcategory_name": "Máslo - Máslo",
    "subcategory_url": "https://www.rohlik.cz/c300105049-maslo"
  },
  {
    "name": "IDS Máslo nesolené z Isigny CHOP",
    "price": "126,50 Kč",
    "unit_price": "506 Kč/kg",
    "package_amount": "250 g",
    "subcategory_name": "Máslo - Máslo",
    "subcategory_url": "https://www.rohlik.cz/c300105049-maslo"
  },
  {
    "name": "Les Prés Salés Camarque",
    "price": "159,90 Kč",
    "unit_price": "639.6 Kč/kg",
    "package_amount": "250 g",
    "subcategory_name": "Máslo - Máslo",
    "subcategory_url": "https://www.rohlik.cz/c300105049-maslo"
  },
  {
    "name": "Agrofarma Máslo gazdovské 84%",
    "price": "104,90 Kč",
    "unit_price": "419.6 Kč/kg",
    "package_amount": "250 g",
    "subcategory_name": "Máslo - Máslo",
    "subcategory_url": "https://www.rohlik.cz/c300105049-maslo"
  },
  {
    "name": "LaBan Máselná pomazánka s bylinkami a česnekem",
    "price": "39,90 Kč",
    "unit_price": "399 Kč/kg",
    "package_amount": "100 g",
    "subcategory_name": "Máslo - Máslo",
    "subcategory_url": "https://www.rohlik.cz/c300105049-maslo"
  },
  {
    "name": "Fratelli Brazzale Máslo se solí z Cervie",
    "price": "75,90 Kč",
    "unit_price": "607.2 Kč/kg",
    "package_amount": "125 g",
    "subcategory_name": "Máslo - Máslo",
    "subcategory_url": "https://www.rohlik.cz/c300105049-maslo"
  },
  {
    "name": "Parmareggio Burro máslo 83% (12×10 g)",
    "price": "64,90 Kč",
    "unit_price": "519.2 Kč/kg",
    "package_amount": "125 g",
    "subcategory_name": "Máslo - Máslo",
    "subcategory_url": "https://www.rohlik.cz/c300105049-maslo"
  },
  {
    "name": "Fratelli Brazzale Máslo se zauzenou kyperskou solí",
    "price": "75,90 Kč",
    "unit_price": "607.2 Kč/kg",
    "package_amount": "125 g",
    "subcategory_name": "Máslo - Máslo",
    "subcategory_url": "https://www.rohlik.cz/c300105049-maslo"
  },
  {
    "name": "LaBan Máselná pomazánka s lanýžem",
    "price": "43,90 Kč",
    "unit_price": "439 Kč/kg",
    "package_amount": "100 g",
    "subcategory_name": "Máslo - Máslo",
    "subcategory_url": "https://www.rohlik.cz/c300105049-maslo"
  },
  {
    "name": "Fratelli Brazzale Máslo s rozmarýnem",
    "price": "75,90 Kč",
    "unit_price": "607.2 Kč/kg",
    "package_amount": "125 g",
    "subcategory_name": "Máslo - Máslo",
    "subcategory_url": "https://www.rohlik.cz/c300105049-maslo"
  },
  {
    "name": "IDS Máslo lehce solené z Isigny CHOP",
    "price": "126,50 Kč",
    "unit_price": "506 Kč/kg",
    "package_amount": "250 g",
    "subcategory_name": "Máslo - Máslo",
    "subcategory_url": "https://www.rohlik.cz/c300105049-maslo"
  },
  {
    "name": "Krajánek Bylinková másla mini",
    "price": "64,90 Kč",
    "unit_price": "519.2 Kč/kg",
    "package_amount": "125 g",
    "subcategory_name": "Máslo - Máslo",
    "subcategory_url": "https://www.rohlik.cz/c300105049-maslo"
  },
  {
    "name": "Fratelli Brazzale Máslo s pažitkou",
    "price": "75,90 Kč",
    "unit_price": "607.2 Kč/kg",
    "package_amount": "125 g",
    "subcategory_name": "Máslo - Máslo",
    "subcategory_url": "https://www.rohlik.cz/c300105049-maslo"
  },
  {
    "name": "Granarolo Máslo se sníženým obsahem tuku bez laktózy",
    "price": "64,90 Kč",
    "unit_price": "649 Kč/kg",
    "package_amount": "100 g",
    "subcategory_name": "Máslo - Máslo",
    "subcategory_url": "https://www.rohlik.cz/c300105049-maslo"
  },
  {
    "name": "Arla Smör jemně slané máslo",
    "price": "199,90 Kč",
    "unit_price": "799.6 Kč/kg",
    "package_amount": "250 g",
    "subcategory_name": "Máslo - Máslo",
    "subcategory_url": "https://www.rohlik.cz/c300105049-maslo"
  },
  {
    "name": "Arla Smör nesolené máslo",
    "price": "199,90 Kč",
    "unit_price": "799.6 Kč/kg",
    "package_amount": "250 g",
    "subcategory_name": "Máslo - Máslo",
    "subcategory_url": "https://www.rohlik.cz/c300105049-maslo"
  },
  {
    "name": "LaBan Máselná pomazánka s mořskou solí",
    "price": "43,90 Kč",
    "unit_price": "439 Kč/kg",
    "package_amount": "100 g",
    "subcategory_name": "Máslo - Máslo",
    "subcategory_url": "https://www.rohlik.cz/c300105049-maslo"
  },
  {
    "name": "Parmareggio Burro Máslo 83%",
    "price": "94,90 Kč",
    "unit_price": "474.5 Kč/kg",
    "package_amount": "200 g",
    "subcategory_name": "Máslo - Máslo",
    "subcategory_url": "https://www.rohlik.cz/c300105049-maslo"
  },
  {
    "name": "Krajánek Česneková másla mini",
    "price": "55,16 Kč",
    "unit_price": "441.28 Kč/kg",
    "package_amount": "125 g",
    "subcategory_name": "Máslo - Máslo",
    "subcategory_url": "https://www.rohlik.cz/c300105049-maslo"
  },
  {
    "name": "Kitchin BIO Ghee přepuštěné máslo",
    "price": "239,90 Kč",
    "unit_price": "599.75 Kč/l",
    "package_amount": "400 ml",
    "subcategory_name": "Máslo - Ghee",
    "subcategory_url": "https://www.rohlik.cz/c300105049-maslo"
  },
  {
    "name": "Miil Máslo 82%",
    "price": "59,90 Kč",
    "unit_price": "239.6 Kč/kg",
    "package_amount": "250 g",
    "subcategory_name": "Máslo - Ghee",
    "subcategory_url": "https://www.rohlik.cz/c300105049-maslo"
  },
  {
    "name": "Madeta Jihočeské máslo 82 %",
    "price": "69,90 Kč",
    "unit_price": "279.6 Kč/kg",
    "package_amount": "250 g",
    "subcategory_name": "Máslo - Ghee",
    "subcategory_url": "https://www.rohlik.cz/c300105049-maslo"
  },
  {
    "name": "Milko Máslo",
    "price": "69,90 Kč",
    "unit_price": "279.6 Kč/kg",
    "package_amount": "250 g",
    "subcategory_name": "Máslo - Ghee",
    "subcategory_url": "https://www.rohlik.cz/c300105049-maslo"
  },
  {
    "name": "Milko BIO Máslo",
    "price": "54,90 Kč",
    "unit_price": "366 Kč/kg",
    "package_amount": "150 g",
    "subcategory_name": "Máslo - Ghee",
    "subcategory_url": "https://www.rohlik.cz/c300105049-maslo"
  },
  {
    "name": "Farma Struhy BIO Farmářské čerstvé máslo",
    "price": "97,20 Kč",
    "unit_price": "486 Kč/kg",
    "package_amount": "200 g",
    "subcategory_name": "Máslo - Ghee",
    "subcategory_url": "https://www.rohlik.cz/c300105049-maslo"
  },
  {
    "name": "Dr. Halíř Máslo",
    "price": "39,90 Kč",
    "unit_price": "319.2 Kč/kg",
    "package_amount": "125 g",
    "subcategory_name": "Máslo - Ghee",
    "subcategory_url": "https://www.rohlik.cz/c300105049-maslo"
  },
  {
    "name": "Delacto Máslo se sníženým obsahem laktózy",
    "price": "41,90 Kč",
    "unit_price": "335.2 Kč/kg",
    "package_amount": "125 g",
    "subcategory_name": "Máslo - Ghee",
    "subcategory_url": "https://www.rohlik.cz/c300105049-maslo"
  },
  {
    "name": "Gran Moravia Čerstvé máslo, ručně krájené",
    "price": "70,10 Kč",
    "unit_price": "350.5 Kč/kg",
    "package_amount": "cca 200 g",
    "subcategory_name": "Máslo - Ghee",
    "subcategory_url": "https://www.rohlik.cz/c300105049-maslo"
  },
  {
    "name": "Lacrum Roztíratelné máslo",
    "price": "69,90 Kč",
    "unit_price": "388.33 Kč/kg",
    "package_amount": "180 g",
    "subcategory_name": "Máslo - Ghee",
    "subcategory_url": "https://www.rohlik.cz/c300105049-maslo"
  },
  {
    "name": "Président La Motte máslo s mořskou solí",
    "price": "99,90 Kč",
    "unit_price": "399.6 Kč/kg",
    "package_amount": "250 g",
    "subcategory_name": "Máslo - Ghee",
    "subcategory_url": "https://www.rohlik.cz/c300105049-maslo"
  },
  {
    "name": "Dublin Dairy Irské máslo",
    "price": "99,90 Kč",
    "unit_price": "499.5 Kč/kg",
    "package_amount": "200 g",
    "subcategory_name": "Máslo - Ghee",
    "subcategory_url": "https://www.rohlik.cz/c300105049-maslo"
  },
  {
    "name": "Dublin Dairy Irské máslo slané",
    "price": "82,90 Kč",
    "unit_price": "414.5 Kč/kg",
    "package_amount": "200 g",
    "subcategory_name": "Máslo - Ghee",
    "subcategory_url": "https://www.rohlik.cz/c300105049-maslo"
  },
  {
    "name": "Parmareggio BIO Burro máslo",
    "price": "107,90 Kč",
    "unit_price": "431.6 Kč/kg",
    "package_amount": "250 g",
    "subcategory_name": "Máslo - Ghee",
    "subcategory_url": "https://www.rohlik.cz/c300105049-maslo"
  },
  {
    "name": "Meggle Bylinkové máslo",
    "price": "71,90 Kč",
    "unit_price": "575.2 Kč/kg",
    "package_amount": "125 g",
    "subcategory_name": "Máslo - Ghee",
    "subcategory_url": "https://www.rohlik.cz/c300105049-maslo"
  },
  {
    "name": "Président Máslo Plaquette jemné",
    "price": "99,90 Kč",
    "unit_price": "399.6 Kč/kg",
    "package_amount": "250 g",
    "subcategory_name": "Máslo - Ghee",
    "subcategory_url": "https://www.rohlik.cz/c300105049-maslo"
  },
  {
    "name": "Président Máslo Plaquette poloslané",
    "price": "99,90 Kč",
    "unit_price": "399.6 Kč/kg",
    "package_amount": "250 g",
    "subcategory_name": "Máslo - Ghee",
    "subcategory_url": "https://www.rohlik.cz/c300105049-maslo"
  },
  {
    "name": "Erlebnis Sennerei Máslo z louky 82 %",
    "price": "116,70 Kč",
    "unit_price": "466.8 Kč/kg",
    "package_amount": "250 g",
    "subcategory_name": "Máslo - Ghee",
    "subcategory_url": "https://www.rohlik.cz/c300105049-maslo"
  },
  {
    "name": "Delamere Dairy Burro di Capra máslo kozí",
    "price": "65,90 Kč",
    "unit_price": "527.2 Kč/kg",
    "package_amount": "125 g",
    "subcategory_name": "Máslo - Ghee",
    "subcategory_url": "https://www.rohlik.cz/c300105049-maslo"
  },
  {
    "name": "Fratelli Brazzale Máslo 84%",
    "price": "77,90 Kč",
    "unit_price": "623.2 Kč/kg",
    "package_amount": "125 g",
    "subcategory_name": "Máslo - Ghee",
    "subcategory_url": "https://www.rohlik.cz/c300105049-maslo"
  },
  {
    "name": "IDS Máslo nesolené z Isigny CHOP",
    "price": "126,50 Kč",
    "unit_price": "506 Kč/kg",
    "package_amount": "250 g",
    "subcategory_name": "Máslo - Ghee",
    "subcategory_url": "https://www.rohlik.cz/c300105049-maslo"
  },
  {
    "name": "Les Prés Salés Camarque",
    "price": "159,90 Kč",
    "unit_price": "639.6 Kč/kg",
    "package_amount": "250 g",
    "subcategory_name": "Máslo - Ghee",
    "subcategory_url": "https://www.rohlik.cz/c300105049-maslo"
  },
  {
    "name": "Agrofarma Máslo gazdovské 84%",
    "price": "104,90 Kč",
    "unit_price": "419.6 Kč/kg",
    "package_amount": "250 g",
    "subcategory_name": "Máslo - Ghee",
    "subcategory_url": "https://www.rohlik.cz/c300105049-maslo"
  },
  {
    "name": "LaBan Máselná pomazánka s bylinkami a česnekem",
    "price": "39,90 Kč",
    "unit_price": "399 Kč/kg",
    "package_amount": "100 g",
    "subcategory_name": "Máslo - Ghee",
    "subcategory_url": "https://www.rohlik.cz/c300105049-maslo"
  },
  {
    "name": "Fratelli Brazzale Máslo se solí z Cervie",
    "price": "75,90 Kč",
    "unit_price": "607.2 Kč/kg",
    "package_amount": "125 g",
    "subcategory_name": "Máslo - Ghee",
    "subcategory_url": "https://www.rohlik.cz/c300105049-maslo"
  },
  {
    "name": "Parmareggio Burro máslo 83% (12×10 g)",
    "price": "64,90 Kč",
    "unit_price": "519.2 Kč/kg",
    "package_amount": "125 g",
    "subcategory_name": "Máslo - Ghee",
    "subcategory_url": "https://www.rohlik.cz/c300105049-maslo"
  },
  {
    "name": "Fratelli Brazzale Máslo se zauzenou kyperskou solí",
    "price": "75,90 Kč",
    "unit_price": "607.2 Kč/kg",
    "package_amount": "125 g",
    "subcategory_name": "Máslo - Ghee",
    "subcategory_url": "https://www.rohlik.cz/c300105049-maslo"
  },
  {
    "name": "LaBan Máselná pomazánka s lanýžem",
    "price": "43,90 Kč",
    "unit_price": "439 Kč/kg",
    "package_amount": "100 g",
    "subcategory_name": "Máslo - Ghee",
    "subcategory_url": "https://www.rohlik.cz/c300105049-maslo"
  },
  {
    "name": "Fratelli Brazzale Máslo s rozmarýnem",
    "price": "75,90 Kč",
    "unit_price": "607.2 Kč/kg",
    "package_amount": "125 g",
    "subcategory_name": "Máslo - Ghee",
    "subcategory_url": "https://www.rohlik.cz/c300105049-maslo"
  },
  {
    "name": "IDS Máslo lehce solené z Isigny CHOP",
    "price": "126,50 Kč",
    "unit_price": "506 Kč/kg",
    "package_amount": "250 g",
    "subcategory_name": "Máslo - Ghee",
    "subcategory_url": "https://www.rohlik.cz/c300105049-maslo"
  },
  {
    "name": "Krajánek Bylinková másla mini",
    "price": "64,90 Kč",
    "unit_price": "519.2 Kč/kg",
    "package_amount": "125 g",
    "subcategory_name": "Máslo - Ghee",
    "subcategory_url": "https://www.rohlik.cz/c300105049-maslo"
  },
  {
    "name": "Fratelli Brazzale Máslo s pažitkou",
    "price": "75,90 Kč",
    "unit_price": "607.2 Kč/kg",
    "package_amount": "125 g",
    "subcategory_name": "Máslo - Ghee",
    "subcategory_url": "https://www.rohlik.cz/c300105049-maslo"
  },
  {
    "name": "Granarolo Máslo se sníženým obsahem tuku bez laktózy",
    "price": "64,90 Kč",
    "unit_price": "649 Kč/kg",
    "package_amount": "100 g",
    "subcategory_name": "Máslo - Ghee",
    "subcategory_url": "https://www.rohlik.cz/c300105049-maslo"
  },
  {
    "name": "Arla Smör jemně slané máslo",
    "price": "199,90 Kč",
    "unit_price": "799.6 Kč/kg",
    "package_amount": "250 g",
    "subcategory_name": "Máslo - Ghee",
    "subcategory_url": "https://www.rohlik.cz/c300105049-maslo"
  },
  {
    "name": "Arla Smör nesolené máslo",
    "price": "199,90 Kč",
    "unit_price": "799.6 Kč/kg",
    "package_amount": "250 g",
    "subcategory_name": "Máslo - Ghee",
    "subcategory_url": "https://www.rohlik.cz/c300105049-maslo"
  },
  {
    "name": "LaBan Máselná pomazánka s mořskou solí",
    "price": "43,90 Kč",
    "unit_price": "439 Kč/kg",
    "package_amount": "100 g",
    "subcategory_name": "Máslo - Ghee",
    "subcategory_url": "https://www.rohlik.cz/c300105049-maslo"
  },
  {
    "name": "Parmareggio Burro Máslo 83%",
    "price": "94,90 Kč",
    "unit_price": "474.5 Kč/kg",
    "package_amount": "200 g",
    "subcategory_name": "Máslo - Ghee",
    "subcategory_url": "https://www.rohlik.cz/c300105049-maslo"
  },
  {
    "name": "Krajánek Česneková másla mini",
    "price": "55,16 Kč",
    "unit_price": "441.28 Kč/kg",
    "package_amount": "125 g",
    "subcategory_name": "Máslo - Ghee",
    "subcategory_url": "https://www.rohlik.cz/c300105049-maslo"
  },
  {
    "name": "Miil Tradiční pomazánkové",
    "price": "31,90 Kč",
    "unit_price": "159.5 Kč/kg",
    "package_amount": "200 g",
    "subcategory_name": "Máslo - Pomazánkové",
    "subcategory_url": "https://www.rohlik.cz/c300105050-pomazankove"
  },
  {
    "name": "Choceňská mlékárna Choceňské tradiční pomazánkové",
    "price": "43,90 Kč",
    "unit_price": "292.67 Kč/kg",
    "package_amount": "150 g",
    "subcategory_name": "Máslo - Pomazánkové",
    "subcategory_url": "https://www.rohlik.cz/c300105050-pomazankove"
  },
  {
    "name": "Choceňská mlékárna Choceňské tradiční pomazánkové s křenem",
    "price": "43,90 Kč",
    "unit_price": "292.67 Kč/kg",
    "package_amount": "150 g",
    "subcategory_name": "Máslo - Pomazánkové",
    "subcategory_url": "https://www.rohlik.cz/c300105050-pomazankove"
  },
  {
    "name": "Madeta Jihočeské pomazánkové tradiční bezlaktózové",
    "price": "38,90 Kč",
    "unit_price": "259.33 Kč/kg",
    "package_amount": "150 g",
    "subcategory_name": "Máslo - Pomazánkové",
    "subcategory_url": "https://www.rohlik.cz/c300105050-pomazankove"
  },
  {
    "name": "Choceňská mlékárna Choceňské tradiční pomazánkové s pažitkou",
    "price": "43,90 Kč",
    "unit_price": "292.67 Kč/kg",
    "package_amount": "150 g",
    "subcategory_name": "Máslo - Pomazánkové",
    "subcategory_url": "https://www.rohlik.cz/c300105050-pomazankove"
  },
  {
    "name": "Choceňská mlékarna Choceňské tradiční pomazánkové s nivou",
    "price": "43,90 Kč",
    "unit_price": "292.67 Kč/kg",
    "package_amount": "150 g",
    "subcategory_name": "Máslo - Pomazánkové",
    "subcategory_url": "https://www.rohlik.cz/c300105050-pomazankove"
  },
  {
    "name": "Madeta Jihočeské pomazánkové máslo tradiční bez příchuti",
    "price": "38,90 Kč",
    "unit_price": "259.33 Kč/kg",
    "package_amount": "150 g",
    "subcategory_name": "Máslo - Pomazánkové",
    "subcategory_url": "https://www.rohlik.cz/c300105050-pomazankove"
  },
  {
    "name": "Choceňská mlékárna Choceňské tradiční pomazánkové jalapeno",
    "price": "43,90 Kč",
    "unit_price": "292.67 Kč/kg",
    "package_amount": "150 g",
    "subcategory_name": "Máslo - Pomazánkové",
    "subcategory_url": "https://www.rohlik.cz/c300105050-pomazankove"
  },
  {
    "name": "Olma Tradiční pomazánkové natur",
    "price": "36,90 Kč",
    "unit_price": "246 Kč/kg",
    "package_amount": "150 g",
    "subcategory_name": "Máslo - Pomazánkové",
    "subcategory_url": "https://www.rohlik.cz/c300105050-pomazankove"
  },
  {
    "name": "Madeta Jihočeské pomazánkové máslo tradiční pažitka",
    "price": "38,90 Kč",
    "unit_price": "259.33 Kč/kg",
    "package_amount": "150 g",
    "subcategory_name": "Máslo - Pomazánkové",
    "subcategory_url": "https://www.rohlik.cz/c300105050-pomazankove"
  },
  {
    "name": "Jaroměřická mlékárna Tradiční pomazánkové pažitka",
    "price": "39,90 Kč",
    "unit_price": "266 Kč/kg",
    "package_amount": "150 g",
    "subcategory_name": "Máslo - Pomazánkové",
    "subcategory_url": "https://www.rohlik.cz/c300105050-pomazankove"
  },
  {
    "name": "Madeta Jihočeské pomazánkové máslo tradiční šunka",
    "price": "38,90 Kč",
    "unit_price": "259.33 Kč/kg",
    "package_amount": "150 g",
    "subcategory_name": "Máslo - Pomazánkové",
    "subcategory_url": "https://www.rohlik.cz/c300105050-pomazankove"
  },
  {
    "name": "Jaroměřická mlékárna Tradiční pomazánkové česnek a cibule",
    "price": "39,90 Kč",
    "unit_price": "266 Kč/kg",
    "package_amount": "150 g",
    "subcategory_name": "Máslo - Pomazánkové",
    "subcategory_url": "https://www.rohlik.cz/c300105050-pomazankove"
  },
  {
    "name": "Jaroměřická mlékárna Tradiční pomazánkové lahůdkové",
    "price": "39,90 Kč",
    "unit_price": "266 Kč/kg",
    "package_amount": "150 g",
    "subcategory_name": "Máslo - Pomazánkové",
    "subcategory_url": "https://www.rohlik.cz/c300105050-pomazankove"
  },
  {
    "name": "Kitchin BIO Ghee přepuštěné máslo",
    "price": "239,90 Kč",
    "unit_price": "599.75 Kč/l",
    "package_amount": "400 ml",
    "subcategory_name": "Máslo - Kitchin",
    "subcategory_url": "https://www.rohlik.cz/c300122004-kitchin"
  },
  {
    "name": "Kitchin Ghee přepuštěné máslo",
    "price": "209,90 Kč",
    "unit_price": "524.75 Kč/l",
    "package_amount": "400 ml",
    "subcategory_name": "Máslo - Kitchin",
    "subcategory_url": "https://www.rohlik.cz/c300122004-kitchin"
  },
  {
    "name": "Kitchin BIO Ghee přepuštěné máslo",
    "price": "239,90 Kč",
    "unit_price": "599.75 Kč/l",
    "package_amount": "400 ml",
    "subcategory_name": "Máslo - Margaríny",
    "subcategory_url": "https://www.rohlik.cz/c300122004-kitchin"
  },
  {
    "name": "Kitchin Ghee přepuštěné máslo",
    "price": "209,90 Kč",
    "unit_price": "524.75 Kč/l",
    "package_amount": "400 ml",
    "subcategory_name": "Máslo - Margaríny",
    "subcategory_url": "https://www.rohlik.cz/c300122004-kitchin"
  },
  {
    "name": "Mlékárna Řetová Sloupnické selské A2 mléko",
    "price": "53,40 Kč",
    "unit_price": "53.4 Kč/l",
    "package_amount": "1 l",
    "subcategory_name": "Speciální - A2 Mléko",
    "subcategory_url": "https://www.rohlik.cz/c300122516-vyrobky-z-a2-mleka"
  },
  {
    "name": "Mlékárna Řetová Sloupnický A2 jogurt bílý",
    "price": "33,90 Kč",
    "unit_price": "251.11 Kč/kg",
    "package_amount": "135 g",
    "subcategory_name": "Speciální - A2 Mléko",
    "subcategory_url": "https://www.rohlik.cz/c300122516-vyrobky-z-a2-mleka"
  },
  {
    "name": "Mlékárna Řetová Sloupnické jogurtové A2 mléko",
    "price": "43,70 Kč",
    "unit_price": "87.4 Kč/l",
    "package_amount": "500 ml",
    "subcategory_name": "Speciální - A2 Mléko",
    "subcategory_url": "https://www.rohlik.cz/c300122516-vyrobky-z-a2-mleka"
  },
  {
    "name": "Mlékárna Řetová Sloupnický A2 Dezert čokoládový",
    "price": "48,50 Kč",
    "unit_price": "285.29 Kč/kg",
    "package_amount": "170 g",
    "subcategory_name": "Speciální - A2 Mléko",
    "subcategory_url": "https://www.rohlik.cz/c300122516-vyrobky-z-a2-mleka"
  },
  {
    "name": "Mlékárna Řetová Sloupnický A2 jogurt jahodový",
    "price": "35,90 Kč",
    "unit_price": "265.93 Kč/kg",
    "package_amount": "135 g",
    "subcategory_name": "Speciální - A2 Mléko",
    "subcategory_url": "https://www.rohlik.cz/c300122516-vyrobky-z-a2-mleka"
  },
  {
    "name": "Mlékárna Řetová Sloupnický A2 jogurt čokoládový",
    "price": "35,90 Kč",
    "unit_price": "265.93 Kč/kg",
    "package_amount": "135 g",
    "subcategory_name": "Speciální - A2 Mléko",
    "subcategory_url": "https://www.rohlik.cz/c300122516-vyrobky-z-a2-mleka"
  },
  {
    "name": "Mlékárna Řetová Sloupnický A2 Dezert malinový",
    "price": "48,50 Kč",
    "unit_price": "285.29 Kč/kg",
    "package_amount": "170 g",
    "subcategory_name": "Speciální - A2 Mléko",
    "subcategory_url": "https://www.rohlik.cz/c300122516-vyrobky-z-a2-mleka"
  },
  {
    "name": "Mlékárna Řetová Sloupnický A2 čerstvý sýr přírodní",
    "price": "69 Kč",
    "unit_price": "485.9 Kč/kg",
    "package_amount": "cca 140 g",
    "subcategory_name": "Speciální - A2 Mléko",
    "subcategory_url": "https://www.rohlik.cz/c300122516-vyrobky-z-a2-mleka"
  },
  {
    "name": "Mlékárna Řetová Sloupnické jogurtové A2 mléko jahodové",
    "price": "48,50 Kč",
    "unit_price": "97 Kč/l",
    "package_amount": "500 ml",
    "subcategory_name": "Speciální - A2 Mléko",
    "subcategory_url": "https://www.rohlik.cz/c300122516-vyrobky-z-a2-mleka"
  },
  {
    "name": "Mlékárna Řetová Sloupnický A2 Dezert vaječný likér",
    "price": "48,50 Kč",
    "unit_price": "285.29 Kč/kg",
    "package_amount": "170 g",
    "subcategory_name": "Speciální - A2 Mléko",
    "subcategory_url": "https://www.rohlik.cz/c300122516-vyrobky-z-a2-mleka"
  },
  {
    "name": "Miil Jogurt bílý bez laktózy 3,5%",
    "price": "15,90 Kč",
    "unit_price": "88.33 Kč/kg",
    "package_amount": "180 g",
    "subcategory_name": "Speciální - Bez Laktózy",
    "subcategory_url": "https://www.rohlik.cz/c300121233-jogurty-a-mlecne-dezerty-bez-laktozy"
  },
  {
    "name": "Hollandia Krémový jogurt bílý 0,01% laktózy",
    "price": "18,90 Kč",
    "unit_price": "105 Kč/kg",
    "package_amount": "180 g",
    "subcategory_name": "Speciální - Bez Laktózy",
    "subcategory_url": "https://www.rohlik.cz/c300121233-jogurty-a-mlecne-dezerty-bez-laktozy"
  },
  {
    "name": "Madeta Lipánek smetanový s nízkým obsahem laktózy < 0,01%",
    "price": "24,90 Kč",
    "unit_price": "191.54 Kč/kg",
    "package_amount": "130 g",
    "subcategory_name": "Speciální - Bez Laktózy",
    "subcategory_url": "https://www.rohlik.cz/c300121233-jogurty-a-mlecne-dezerty-bez-laktozy"
  },
  {
    "name": "Hollandia Krémový jogurt bílý 0,01% laktózy",
    "price": "36,90 Kč",
    "unit_price": "92.25 Kč/kg",
    "package_amount": "400 g",
    "subcategory_name": "Speciální - Bez Laktózy",
    "subcategory_url": "https://www.rohlik.cz/c300121233-jogurty-a-mlecne-dezerty-bez-laktozy"
  },
  {
    "name": "Hollandia Krémový jogurt jahoda bez laktózy",
    "price": "18,90 Kč",
    "unit_price": "105 Kč/kg",
    "package_amount": "180 g",
    "subcategory_name": "Speciální - Bez Laktózy",
    "subcategory_url": "https://www.rohlik.cz/c300121233-jogurty-a-mlecne-dezerty-bez-laktozy"
  },
  {
    "name": "Hollandia Krémový jogurt borůvka bez laktózy",
    "price": "18,90 Kč",
    "unit_price": "105 Kč/kg",
    "package_amount": "180 g",
    "subcategory_name": "Speciální - Bez Laktózy",
    "subcategory_url": "https://www.rohlik.cz/c300121233-jogurty-a-mlecne-dezerty-bez-laktozy"
  },
  {
    "name": "Berchtesgadener Land BIO Bílý jogurt bez laktózy",
    "price": "21,90 Kč",
    "unit_price": "146 Kč/kg",
    "package_amount": "150 g",
    "subcategory_name": "Speciální - Bez Laktózy",
    "subcategory_url": "https://www.rohlik.cz/c300121233-jogurty-a-mlecne-dezerty-bez-laktozy"
  },
  {
    "name": "Tami Bezlaktózový smetanový jogurt čokoláda",
    "price": "19,90 Kč",
    "unit_price": "132.67 Kč/kg",
    "package_amount": "150 g",
    "subcategory_name": "Speciální - Bez Laktózy",
    "subcategory_url": "https://www.rohlik.cz/c300121233-jogurty-a-mlecne-dezerty-bez-laktozy"
  },
  {
    "name": "Neogal High protein řecký jogurt 0 % tuku bez laktózy",
    "price": "39,90 Kč",
    "unit_price": "266 Kč/kg",
    "package_amount": "150 g",
    "subcategory_name": "Speciální - Bez Laktózy",
    "subcategory_url": "https://www.rohlik.cz/c300121233-jogurty-a-mlecne-dezerty-bez-laktozy"
  },
  {
    "name": "Ehrmann High Protein joghurt Chocballs",
    "price": "46,70 Kč",
    "unit_price": "233.5 Kč/kg",
    "package_amount": "200 g",
    "subcategory_name": "Speciální - Bez Laktózy",
    "subcategory_url": "https://www.rohlik.cz/c300121233-jogurty-a-mlecne-dezerty-bez-laktozy"
  },
  {
    "name": "Berchtesgadener Land BIO Malinový jogurt bez laktózy",
    "price": "27,90 Kč",
    "unit_price": "186 Kč/kg",
    "package_amount": "150 g",
    "subcategory_name": "Speciální - Bez Laktózy",
    "subcategory_url": "https://www.rohlik.cz/c300121233-jogurty-a-mlecne-dezerty-bez-laktozy"
  },
  {
    "name": "Ehrmann LactoZero bezlaktózový jogurt řeckého typu MIX",
    "price": "19,40 Kč",
    "unit_price": "143.7 Kč/kg",
    "package_amount": "135 g",
    "subcategory_name": "Speciální - Bez Laktózy",
    "subcategory_url": "https://www.rohlik.cz/c300121233-jogurty-a-mlecne-dezerty-bez-laktozy"
  },
  {
    "name": "Madeta Zakysaná smetana s jahodami bez laktózy",
    "price": "19,30 Kč",
    "unit_price": "148.46 Kč/kg",
    "package_amount": "130 g",
    "subcategory_name": "Speciální - Bez Laktózy",
    "subcategory_url": "https://www.rohlik.cz/c300121233-jogurty-a-mlecne-dezerty-bez-laktozy"
  },
  {
    "name": "Berchtesgadener Land BIO Bílý jogurt bez laktózy",
    "price": "51,90 Kč",
    "unit_price": "129.75 Kč/kg",
    "package_amount": "400 g",
    "subcategory_name": "Speciální - Bez Laktózy",
    "subcategory_url": "https://www.rohlik.cz/c300121233-jogurty-a-mlecne-dezerty-bez-laktozy"
  },
  {
    "name": "Berchtesgadener Land BIO Vanilkový jogurt bez laktózy",
    "price": "27,90 Kč",
    "unit_price": "186 Kč/kg",
    "package_amount": "150 g",
    "subcategory_name": "Speciální - Bez Laktózy",
    "subcategory_url": "https://www.rohlik.cz/c300121233-jogurty-a-mlecne-dezerty-bez-laktozy"
  },
  {
    "name": "Tami Dráčik dezert bez laktózy vanilka",
    "price": "17,90 Kč",
    "unit_price": "223.75 Kč/kg",
    "package_amount": "80 g",
    "subcategory_name": "Speciální - Bez Laktózy",
    "subcategory_url": "https://www.rohlik.cz/c300121233-jogurty-a-mlecne-dezerty-bez-laktozy"
  },
  {
    "name": "Tami Bezlaktózový smetanový jogurt malina",
    "price": "19,90 Kč",
    "unit_price": "132.67 Kč/kg",
    "package_amount": "150 g",
    "subcategory_name": "Speciální - Bez Laktózy",
    "subcategory_url": "https://www.rohlik.cz/c300121233-jogurty-a-mlecne-dezerty-bez-laktozy"
  },
  {
    "name": "Yoeggs Proteinový dezert s pistáciovou příchutí",
    "price": "69,90 Kč",
    "unit_price": "559.2 Kč/kg",
    "package_amount": "125 g",
    "subcategory_name": "Speciální - Bez Laktózy",
    "subcategory_url": "https://www.rohlik.cz/c300121233-jogurty-a-mlecne-dezerty-bez-laktozy"
  },
  {
    "name": "Yoeggs Proteinový dezert s kokosovou příchutí",
    "price": "69,90 Kč",
    "unit_price": "559.2 Kč/kg",
    "package_amount": "125 g",
    "subcategory_name": "Speciální - Bez Laktózy",
    "subcategory_url": "https://www.rohlik.cz/c300121233-jogurty-a-mlecne-dezerty-bez-laktozy"
  },
  {
    "name": "Madeta Jihočeský Nature jahodový jogurt bez laktózy",
    "price": "18,90 Kč",
    "unit_price": "126 Kč/kg",
    "package_amount": "150 g",
    "subcategory_name": "Speciální - Bez Laktózy",
    "subcategory_url": "https://www.rohlik.cz/c300121233-jogurty-a-mlecne-dezerty-bez-laktozy"
  },
  {
    "name": "Tami Bezlaktózový smetanový jogurt bílý",
    "price": "19,90 Kč",
    "unit_price": "132.67 Kč/kg",
    "package_amount": "150 g",
    "subcategory_name": "Speciální - Bez Laktózy",
    "subcategory_url": "https://www.rohlik.cz/c300121233-jogurty-a-mlecne-dezerty-bez-laktozy"
  },
  {
    "name": "Yoeggs Proteinový dezert s kakaovou příchutí",
    "price": "79,90 Kč",
    "unit_price": "639.2 Kč/kg",
    "package_amount": "125 g",
    "subcategory_name": "Speciální - Bez Laktózy",
    "subcategory_url": "https://www.rohlik.cz/c300121233-jogurty-a-mlecne-dezerty-bez-laktozy"
  },
  {
    "name": "Bon Lait Kozí jogurt bez laktózy",
    "price": "33,90 Kč",
    "unit_price": "226 Kč/kg",
    "package_amount": "150 g",
    "subcategory_name": "Speciální - Bez Laktózy",
    "subcategory_url": "https://www.rohlik.cz/c300121233-jogurty-a-mlecne-dezerty-bez-laktozy"
  },
  {
    "name": "Madeta Jihočeský Nature jogurt bezlaktozový",
    "price": "18,90 Kč",
    "unit_price": "126 Kč/kg",
    "package_amount": "150 g",
    "subcategory_name": "Speciální - Bez Laktózy",
    "subcategory_url": "https://www.rohlik.cz/c300121233-jogurty-a-mlecne-dezerty-bez-laktozy"
  },
  {
    "name": "Yoeggs Proteinový dezert s vanilkovou příchutí",
    "price": "79,90 Kč",
    "unit_price": "639.2 Kč/kg",
    "package_amount": "125 g",
    "subcategory_name": "Speciální - Bez Laktózy",
    "subcategory_url": "https://www.rohlik.cz/c300121233-jogurty-a-mlecne-dezerty-bez-laktozy"
  },
  {
    "name": "Activia Probiotický jogurt bílý bez laktózy",
    "price": "22,90 Kč",
    "unit_price": "138.79 Kč/kg",
    "package_amount": "165 g",
    "subcategory_name": "Speciální - Bez Laktózy",
    "subcategory_url": "https://www.rohlik.cz/c300121233-jogurty-a-mlecne-dezerty-bez-laktozy"
  },
  {
    "name": "Madeta Jihočeský tvaroh polotučný bez laktózy",
    "price": "34,90 Kč",
    "unit_price": "139.6 Kč/kg",
    "package_amount": "250 g",
    "subcategory_name": "Speciální - Tvarohy bez alktózy",
    "subcategory_url": "https://www.rohlik.cz/c300121237-tvarohy-bez-laktozy"
  },
  {
    "name": "Berchtesgadener Land BIO Tvaroh bez laktózy",
    "price": "45,90 Kč",
    "unit_price": "183.6 Kč/kg",
    "package_amount": "250 g",
    "subcategory_name": "Speciální - Tvarohy bez alktózy",
    "subcategory_url": "https://www.rohlik.cz/c300121237-tvarohy-bez-laktozy"
  },
  {
    "name": "Tami Termizovaný odtučněný tvaroh bezlaktózový",
    "price": "29,90 Kč",
    "unit_price": "119.6 Kč/kg",
    "package_amount": "250 g",
    "subcategory_name": "Speciální - Tvarohy bez alktózy",
    "subcategory_url": "https://www.rohlik.cz/c300121237-tvarohy-bez-laktozy"
  },
  {
    "name": "Delacto Jemný tvaroh bez laktózy",
    "price": "36,90 Kč",
    "unit_price": "184.5 Kč/kg",
    "package_amount": "200 g",
    "subcategory_name": "Speciální - Tvarohy bez alktózy",
    "subcategory_url": "https://www.rohlik.cz/c300121237-tvarohy-bez-laktozy"
  },
  {
    "name": "Minus L Tvaroh měkký se sníženým obsahem laktózy",
    "price": "56,90 Kč",
    "unit_price": "227.6 Kč/kg",
    "package_amount": "250 g",
    "subcategory_name": "Speciální - Tvarohy bez alktózy",
    "subcategory_url": "https://www.rohlik.cz/c300121237-tvarohy-bez-laktozy"
  },
  {
    "name": "Zott Protein Puding čokoláda",
    "price": "34,90 Kč",
    "unit_price": "174.5 Kč/kg",
    "package_amount": "200 g",
    "subcategory_name": "Speciální - High protein",
    "subcategory_url": "https://www.rohlik.cz/c300123064-high-protein"
  },
  {
    "name": "Zott Protein Puding vanilka",
    "price": "34,90 Kč",
    "unit_price": "174.5 Kč/kg",
    "package_amount": "200 g",
    "subcategory_name": "Speciální - High protein",
    "subcategory_url": "https://www.rohlik.cz/c300123064-high-protein"
  },
  {
    "name": "Gervais Fit protein",
    "price": "29,90 Kč",
    "unit_price": "373.75 Kč/kg",
    "package_amount": "80 g",
    "subcategory_name": "Speciální - High protein",
    "subcategory_url": "https://www.rohlik.cz/c300123064-high-protein"
  },
  {
    "name": "Leerdammer Proteinový sýr plátky",
    "price": "49,90 Kč",
    "unit_price": "623.75 Kč/kg",
    "package_amount": "80 g",
    "subcategory_name": "Speciální - High protein",
    "subcategory_url": "https://www.rohlik.cz/c300123064-high-protein"
  },
  {
    "name": "Milko Super jogurt bílý",
    "price": "21,90 Kč",
    "unit_price": "146 Kč/kg",
    "package_amount": "150 g",
    "subcategory_name": "Speciální - High protein",
    "subcategory_url": "https://www.rohlik.cz/c300123064-high-protein"
  },
  {
    "name": "Olma Protein jogurt bílý",
    "price": "19,90 Kč",
    "unit_price": "132.67 Kč/kg",
    "package_amount": "150 g",
    "subcategory_name": "Speciální - High protein",
    "subcategory_url": "https://www.rohlik.cz/c300123064-high-protein"
  },
  {
    "name": "Zottarella Proteinové tyčinky 4×21 g",
    "price": "43,90 Kč",
    "unit_price": "522.62 Kč/kg",
    "package_amount": "84 g",
    "subcategory_name": "Speciální - High protein",
    "subcategory_url": "https://www.rohlik.cz/c300123064-high-protein"
  },
  {
    "name": "Zott Protein puding karamel",
    "price": "34,90 Kč",
    "unit_price": "174.5 Kč/kg",
    "package_amount": "200 g",
    "subcategory_name": "Speciální - High protein",
    "subcategory_url": "https://www.rohlik.cz/c300123064-high-protein"
  },
  {
    "name": "Milko Super jogurt čokoláda",
    "price": "21,90 Kč",
    "unit_price": "146 Kč/kg",
    "package_amount": "150 g",
    "subcategory_name": "Speciální - High protein",
    "subcategory_url": "https://www.rohlik.cz/c300123064-high-protein"
  },
  {
    "name": "Madeta High protein Eidam Pro plátky",
    "price": "39,90 Kč",
    "unit_price": "399 Kč/kg",
    "package_amount": "100 g",
    "subcategory_name": "Speciální - High protein",
    "subcategory_url": "https://www.rohlik.cz/c300123064-high-protein"
  },
  {
    "name": "Olma High protein mléko",
    "price": "42,90 Kč",
    "unit_price": "42.9 Kč/l",
    "package_amount": "1 l",
    "subcategory_name": "Speciální - High protein",
    "subcategory_url": "https://www.rohlik.cz/c300123064-high-protein"
  },
  {
    "name": "Zott Protein drink vanilka",
    "price": "29,90 Kč",
    "unit_price": "119.6 Kč/l",
    "package_amount": "250 ml",
    "subcategory_name": "Speciální - High protein",
    "subcategory_url": "https://www.rohlik.cz/c300123064-high-protein"
  },
  {
    "name": "Zott Protein drink čokoláda",
    "price": "29,90 Kč",
    "unit_price": "119.6 Kč/l",
    "package_amount": "250 ml",
    "subcategory_name": "Speciální - High protein",
    "subcategory_url": "https://www.rohlik.cz/c300123064-high-protein"
  },
  {
    "name": "Olma Protein jogurt meruňka",
    "price": "20,90 Kč",
    "unit_price": "139.33 Kč/kg",
    "package_amount": "150 g",
    "subcategory_name": "Speciální - High protein",
    "subcategory_url": "https://www.rohlik.cz/c300123064-high-protein"
  },
  {
    "name": "Madeta High protein přírodní zrající sýr",
    "price": "39,90 Kč",
    "unit_price": "443.33 Kč/kg",
    "package_amount": "90 g",
    "subcategory_name": "Speciální - High protein",
    "subcategory_url": "https://www.rohlik.cz/c300123064-high-protein"
  },
  {
    "name": "Olma Protein jogurt malina",
    "price": "20,90 Kč",
    "unit_price": "139.33 Kč/kg",
    "package_amount": "150 g",
    "subcategory_name": "Speciální - High protein",
    "subcategory_url": "https://www.rohlik.cz/c300123064-high-protein"
  },
  {
    "name": "Milko Super jogurt borůvka",
    "price": "21,90 Kč",
    "unit_price": "146 Kč/kg",
    "package_amount": "150 g",
    "subcategory_name": "Speciální - High protein",
    "subcategory_url": "https://www.rohlik.cz/c300123064-high-protein"
  },
  {
    "name": "Müllermilch Protein čoko-banán",
    "price": "44,90 Kč",
    "unit_price": "112.25 Kč/kg",
    "package_amount": "400 g",
    "subcategory_name": "Speciální - High protein",
    "subcategory_url": "https://www.rohlik.cz/c300123064-high-protein"
  },
  {
    "name": "Ehrmann High Protein Skyr Natur bílý",
    "price": "19,90 Kč",
    "unit_price": "132.67 Kč/kg",
    "package_amount": "150 g",
    "subcategory_name": "Speciální - High protein",
    "subcategory_url": "https://www.rohlik.cz/c300123064-high-protein"
  },
  {
    "name": "Zott Protein drink cookies cream",
    "price": "29,90 Kč",
    "unit_price": "119.6 Kč/l",
    "package_amount": "250 ml",
    "subcategory_name": "Speciální - High protein",
    "subcategory_url": "https://www.rohlik.cz/c300123064-high-protein"
  },
  {
    "name": "Milko Super jogurt jahoda",
    "price": "21,90 Kč",
    "unit_price": "146 Kč/kg",
    "package_amount": "150 g",
    "subcategory_name": "Speciální - High protein",
    "subcategory_url": "https://www.rohlik.cz/c300123064-high-protein"
  },
  {
    "name": "Olma Protein jogurt jablko a hruška",
    "price": "20,90 Kč",
    "unit_price": "139.33 Kč/kg",
    "package_amount": "150 g",
    "subcategory_name": "Speciální - High protein",
    "subcategory_url": "https://www.rohlik.cz/c300123064-high-protein"
  },
  {
    "name": "Zott Protein drink slaný karamel",
    "price": "29,90 Kč",
    "unit_price": "119.6 Kč/l",
    "package_amount": "250 ml",
    "subcategory_name": "Speciální - High protein",
    "subcategory_url": "https://www.rohlik.cz/c300123064-high-protein"
  },
  {
    "name": "Madeta High protein cottage natur",
    "price": "42,90 Kč",
    "unit_price": "214.5 Kč/kg",
    "package_amount": "200 g",
    "subcategory_name": "Speciální - High protein",
    "subcategory_url": "https://www.rohlik.cz/c300123064-high-protein"
  },
  {
    "name": "Danone YoPRO Protein puding s čokoládovo-lískooříškovou příchutí",
    "price": "29,90 Kč",
    "unit_price": "166.11 Kč/kg",
    "package_amount": "180 g",
    "subcategory_name": "Speciální - High protein",
    "subcategory_url": "https://www.rohlik.cz/c300123064-high-protein"
  },
  {
    "name": "Galbani Mozzarella protein",
    "price": "44,90 Kč",
    "unit_price": "359.2 Kč/kg",
    "package_amount": "125 g",
    "subcategory_name": "Speciální - High protein",
    "subcategory_url": "https://www.rohlik.cz/c300123064-high-protein"
  },
  {
    "name": "Ehrmann High Protein puding s příchutí bílé čokolády",
    "price": "42,90 Kč",
    "unit_price": "214.5 Kč/kg",
    "package_amount": "200 g",
    "subcategory_name": "Speciální - High protein",
    "subcategory_url": "https://www.rohlik.cz/c300123064-high-protein"
  },
  {
    "name": "Ehrmann High Protein puding Čokoláda",
    "price": "42,90 Kč",
    "unit_price": "214.5 Kč/kg",
    "package_amount": "200 g",
    "subcategory_name": "Speciální - High protein",
    "subcategory_url": "https://www.rohlik.cz/c300123064-high-protein"
  },
  {
    "name": "Danone YoPRO Odtučněný zakysaný výrobek borůvka",
    "price": "19,90 Kč",
    "unit_price": "124.38 Kč/kg",
    "package_amount": "160 g",
    "subcategory_name": "Speciální - High protein",
    "subcategory_url": "https://www.rohlik.cz/c300123064-high-protein"
  },
  {
    "name": "Ehrmann High Protein jogurt stracciatella",
    "price": "34,90 Kč",
    "unit_price": "174.5 Kč/kg",
    "package_amount": "200 g",
    "subcategory_name": "Speciální - High protein",
    "subcategory_url": "https://www.rohlik.cz/c300123064-high-protein"
  },
  {
    "name": "Milko Tolštejn protein plátky 30 %",
    "price": "39,90 Kč",
    "unit_price": "399 Kč/kg",
    "package_amount": "100 g",
    "subcategory_name": "Speciální - High protein",
    "subcategory_url": "https://www.rohlik.cz/c300123064-high-protein"
  },
  {
    "name": "Granarolo High protein ricotta",
    "price": "54,40 Kč",
    "unit_price": "217.6 Kč/kg",
    "package_amount": "250 g",
    "subcategory_name": "Speciální - High protein",
    "subcategory_url": "https://www.rohlik.cz/c300123064-high-protein"
  },
  {
    "name": "Danone YoPRO Odtučněný zakysaný výrobek stracciatella",
    "price": "19,90 Kč",
    "unit_price": "124.38 Kč/kg",
    "package_amount": "160 g",
    "subcategory_name": "Speciální - High protein",
    "subcategory_url": "https://www.rohlik.cz/c300123064-high-protein"
  },
  {
    "name": "Ehrmann High Protein pudding lískový ořech",
    "price": "42,90 Kč",
    "unit_price": "214.5 Kč/kg",
    "package_amount": "200 g",
    "subcategory_name": "Speciální - High protein",
    "subcategory_url": "https://www.rohlik.cz/c300123064-high-protein"
  },
  {
    "name": "Danone YoPRO Proteinový jogurtový nápoj jahoda a malina",
    "price": "29,90 Kč",
    "unit_price": "99.67 Kč/kg",
    "package_amount": "300 g",
    "subcategory_name": "Speciální - High protein",
    "subcategory_url": "https://www.rohlik.cz/c300123064-high-protein"
  },
  {
    "name": "Sedlčanský Hermelín Protein",
    "price": "44,90 Kč",
    "unit_price": "449 Kč/kg",
    "package_amount": "100 g",
    "subcategory_name": "Speciální - High protein",
    "subcategory_url": "https://www.rohlik.cz/c300123064-high-protein"
  },
  {
    "name": "Neogal High protein řecký jogurt 0 % tuku bez laktózy",
    "price": "39,90 Kč",
    "unit_price": "266 Kč/kg",
    "package_amount": "150 g",
    "subcategory_name": "Speciální - High protein",
    "subcategory_url": "https://www.rohlik.cz/c300123064-high-protein"
  },
  {
    "name": "Ehrmann High Protein joghurt Chocballs",
    "price": "46,70 Kč",
    "unit_price": "233.5 Kč/kg",
    "package_amount": "200 g",
    "subcategory_name": "Speciální - High protein",
    "subcategory_url": "https://www.rohlik.cz/c300123064-high-protein"
  },
  {
    "name": "Madeta High protein Madeland plátky",
    "price": "49,90 Kč",
    "unit_price": "499 Kč/kg",
    "package_amount": "100 g",
    "subcategory_name": "Speciální - High protein",
    "subcategory_url": "https://www.rohlik.cz/c300123064-high-protein"
  },
  {
    "name": "Ehrmann High Protein mousse čokoláda",
    "price": "58,90 Kč",
    "unit_price": "294.5 Kč/kg",
    "package_amount": "200 g",
    "subcategory_name": "Speciální - High protein",
    "subcategory_url": "https://www.rohlik.cz/c300123064-high-protein"
  },
  {
    "name": "Danone YoPRO Protein puding s vanilkovou příchutí",
    "price": "29,90 Kč",
    "unit_price": "166.11 Kč/kg",
    "package_amount": "180 g",
    "subcategory_name": "Speciální - High protein",
    "subcategory_url": "https://www.rohlik.cz/c300123064-high-protein"
  },
  {
    "name": "Ehrmann High Protein pudding s toppingem čokoláda",
    "price": "58,90 Kč",
    "unit_price": "294.5 Kč/kg",
    "package_amount": "200 g",
    "subcategory_name": "Speciální - High protein",
    "subcategory_url": "https://www.rohlik.cz/c300123064-high-protein"
  },
  {
    "name": "Neogal High protein řecký jogurt 0 % tuku s kávovým extraktem",
    "price": "39,90 Kč",
    "unit_price": "266 Kč/kg",
    "package_amount": "150 g",
    "subcategory_name": "Speciální - High protein",
    "subcategory_url": "https://www.rohlik.cz/c300123064-high-protein"
  },
  {
    "name": "Olma High protein nápoj mango a maracuja",
    "price": "31,90 Kč",
    "unit_price": "99.69 Kč/l",
    "package_amount": "320 ml",
    "subcategory_name": "Speciální - High protein",
    "subcategory_url": "https://www.rohlik.cz/c300123064-high-protein"
  },
  {
    "name": "Olma High protein nápoj jahoda",
    "price": "31,90 Kč",
    "unit_price": "99.69 Kč/l",
    "package_amount": "320 ml",
    "subcategory_name": "Speciální - High protein",
    "subcategory_url": "https://www.rohlik.cz/c300123064-high-protein"
  },
  {
    "name": "Sedlčanský Hermelín Protein (2×100 g)",
    "price": "89,90 Kč",
    "unit_price": "449.5 Kč/kg",
    "package_amount": "200 g",
    "subcategory_name": "Speciální - High protein",
    "subcategory_url": "https://www.rohlik.cz/c300123064-high-protein"
  },
  {
    "name": "Ehrmann High Protein puding Vanilka",
    "price": "42,90 Kč",
    "unit_price": "214.5 Kč/kg",
    "package_amount": "200 g",
    "subcategory_name": "Speciální - High protein",
    "subcategory_url": "https://www.rohlik.cz/c300123064-high-protein"
  },
  {
    "name": "Ehrmann High Protein pudding pistácie",
    "price": "42,90 Kč",
    "unit_price": "214.5 Kč/kg",
    "package_amount": "200 g",
    "subcategory_name": "Speciální - High protein",
    "subcategory_url": "https://www.rohlik.cz/c300123064-high-protein"
  },
  {
    "name": "Neogal High protein řecký jogurt 1 % tuku s kokosem",
    "price": "39,90 Kč",
    "unit_price": "266 Kč/kg",
    "package_amount": "150 g",
    "subcategory_name": "Speciální - High protein",
    "subcategory_url": "https://www.rohlik.cz/c300123064-high-protein"
  },
  {
    "name": "Danone YoPRO Proteinový jogurtový nápoj stracciatella",
    "price": "29,90 Kč",
    "unit_price": "99.67 Kč/kg",
    "package_amount": "300 g",
    "subcategory_name": "Speciální - High protein",
    "subcategory_url": "https://www.rohlik.cz/c300123064-high-protein"
  },
  {
    "name": "Philadelphia Smetanový sýr proteinový",
    "price": "61,90 Kč",
    "unit_price": "353.71 Kč/kg",
    "package_amount": "175 g",
    "subcategory_name": "Speciální - High protein",
    "subcategory_url": "https://www.rohlik.cz/c300123064-high-protein"
  },
  {
    "name": "Neogal High Protein Řecký jogurt 0 % tuku s vanilkovým extraktem",
    "price": "39,90 Kč",
    "unit_price": "266 Kč/kg",
    "package_amount": "150 g",
    "subcategory_name": "Speciální - High protein",
    "subcategory_url": "https://www.rohlik.cz/c300123064-high-protein"
  },
  {
    "name": "Zott Protein mousse vanilka",
    "price": "51,90 Kč",
    "unit_price": "259.5 Kč/kg",
    "package_amount": "200 g",
    "subcategory_name": "Speciální - High protein",
    "subcategory_url": "https://www.rohlik.cz/c300123064-high-protein"
  },
  {
    "name": "Danone YoPRO Protein puding s karamelovou příchutí",
    "price": "29,90 Kč",
    "unit_price": "166.11 Kč/kg",
    "package_amount": "180 g",
    "subcategory_name": "Speciální - High protein",
    "subcategory_url": "https://www.rohlik.cz/c300123064-high-protein"
  },
  {
    "name": "Danone YoPRO Proteinový mléčný nápoj čokoláda",
    "price": "29,90 Kč",
    "unit_price": "119.6 Kč/l",
    "package_amount": "250 ml",
    "subcategory_name": "Speciální - High protein",
    "subcategory_url": "https://www.rohlik.cz/c300123064-high-protein"
  },
  {
    "name": "Ehrmann High Protein puding Karamel",
    "price": "42,90 Kč",
    "unit_price": "214.5 Kč/kg",
    "package_amount": "200 g",
    "subcategory_name": "Speciální - High protein",
    "subcategory_url": "https://www.rohlik.cz/c300123064-high-protein"
  },
  {
    "name": "Neogal High protein řecký jogurt 0 % tuku s medem",
    "price": "39,90 Kč",
    "unit_price": "266 Kč/kg",
    "package_amount": "150 g",
    "subcategory_name": "Speciální - High protein",
    "subcategory_url": "https://www.rohlik.cz/c300123064-high-protein"
  },
  {
    "name": "Granarolo High protein stracchino",
    "price": "54,40 Kč",
    "unit_price": "340 Kč/kg",
    "package_amount": "160 g",
    "subcategory_name": "Speciální - High protein",
    "subcategory_url": "https://www.rohlik.cz/c300123064-high-protein"
  },
  {
    "name": "Ehrmann High Protein pudding s toppingem double white choc",
    "price": "58,90 Kč",
    "unit_price": "294.5 Kč/kg",
    "package_amount": "200 g",
    "subcategory_name": "Speciální - High protein",
    "subcategory_url": "https://www.rohlik.cz/c300123064-high-protein"
  },
  {
    "name": "Ehrmann High Protein mousse pistácie",
    "price": "58,90 Kč",
    "unit_price": "294.5 Kč/kg",
    "package_amount": "200 g",
    "subcategory_name": "Speciální - High protein",
    "subcategory_url": "https://www.rohlik.cz/c300123064-high-protein"
  },
  {
    "name": "Ehrmann High Protein pudding s toppingem vanilka",
    "price": "58,90 Kč",
    "unit_price": "294.5 Kč/kg",
    "package_amount": "200 g",
    "subcategory_name": "Speciální - High protein",
    "subcategory_url": "https://www.rohlik.cz/c300123064-high-protein"
  },
  {
    "name": "Danone YoPRO Proteinový mléčný nápoj vanilka",
    "price": "29,90 Kč",
    "unit_price": "119.6 Kč/l",
    "package_amount": "250 ml",
    "subcategory_name": "Speciální - High protein",
    "subcategory_url": "https://www.rohlik.cz/c300123064-high-protein"
  },
  {
    "name": "Ehrmann High Protein mousse stracciatella style",
    "price": "58,90 Kč",
    "unit_price": "294.5 Kč/kg",
    "package_amount": "200 g",
    "subcategory_name": "Speciální - High protein",
    "subcategory_url": "https://www.rohlik.cz/c300123064-high-protein"
  },
  {
    "name": "Yoeggs Proteinový dezert s pistáciovou příchutí",
    "price": "69,90 Kč",
    "unit_price": "559.2 Kč/kg",
    "package_amount": "125 g",
    "subcategory_name": "Speciální - High protein",
    "subcategory_url": "https://www.rohlik.cz/c300123064-high-protein"
  },
  {
    "name": "Ehrmann High Protein nápoj Banán",
    "price": "46,90 Kč",
    "unit_price": "187.6 Kč/l",
    "package_amount": "250 ml",
    "subcategory_name": "Speciální - High protein",
    "subcategory_url": "https://www.rohlik.cz/c300123064-high-protein"
  },
  {
    "name": "Zott Hungry? Drink This! Nápoj s jahodovou příchutí",
    "price": "104,90 Kč",
    "unit_price": "209.8 Kč/l",
    "package_amount": "500 ml",
    "subcategory_name": "Speciální - High protein",
    "subcategory_url": "https://www.rohlik.cz/c300123064-high-protein"
  },
  {
    "name": "Ehrmann High Protein nápoj Čokoláda",
    "price": "46,90 Kč",
    "unit_price": "187.6 Kč/l",
    "package_amount": "250 ml",
    "subcategory_name": "Speciální - High protein",
    "subcategory_url": "https://www.rohlik.cz/c300123064-high-protein"
  },
  {
    "name": "Yoeggs Proteinový dezert s kokosovou příchutí",
    "price": "69,90 Kč",
    "unit_price": "559.2 Kč/kg",
    "package_amount": "125 g",
    "subcategory_name": "Speciální - High protein",
    "subcategory_url": "https://www.rohlik.cz/c300123064-high-protein"
  },
  {
    "name": "Ehrmann High Protein caffè latte classic",
    "price": "54,90 Kč",
    "unit_price": "219.6 Kč/l",
    "package_amount": "250 ml",
    "subcategory_name": "Speciální - High protein",
    "subcategory_url": "https://www.rohlik.cz/c300123064-high-protein"
  },
  {
    "name": "Zott Hungry? Drink This! Nápoj s vanilkovou příchutí",
    "price": "104,90 Kč",
    "unit_price": "209.8 Kč/l",
    "package_amount": "500 ml",
    "subcategory_name": "Speciální - High protein",
    "subcategory_url": "https://www.rohlik.cz/c300123064-high-protein"
  },
  {
    "name": "Zott Hungry? Drink This! Nápoj s čokoládovou příchutí",
    "price": "104,90 Kč",
    "unit_price": "209.8 Kč/l",
    "package_amount": "500 ml",
    "subcategory_name": "Speciální - High protein",
    "subcategory_url": "https://www.rohlik.cz/c300123064-high-protein"
  },
  {
    "name": "Ehrmann High Protein caffè latte caramel style",
    "price": "54,90 Kč",
    "unit_price": "219.6 Kč/l",
    "package_amount": "250 ml",
    "subcategory_name": "Speciální - High protein",
    "subcategory_url": "https://www.rohlik.cz/c300123064-high-protein"
  },
  {
    "name": "Ehrmann High Protein nápoj Pistácie",
    "price": "46,90 Kč",
    "unit_price": "187.6 Kč/l",
    "package_amount": "250 ml",
    "subcategory_name": "Speciální - High protein",
    "subcategory_url": "https://www.rohlik.cz/c300123064-high-protein"
  },
  {
    "name": "Ehrmann High Protein mousse vanilka",
    "price": "58,90 Kč",
    "unit_price": "294.5 Kč/kg",
    "package_amount": "200 g",
    "subcategory_name": "Speciální - High protein",
    "subcategory_url": "https://www.rohlik.cz/c300123064-high-protein"
  },
  {
    "name": "Yoeggs Proteinový dezert s kakaovou příchutí",
    "price": "79,90 Kč",
    "unit_price": "639.2 Kč/kg",
    "package_amount": "125 g",
    "subcategory_name": "Speciální - High protein",
    "subcategory_url": "https://www.rohlik.cz/c300123064-high-protein"
  },
  {
    "name": "Parmareggio Proteinový snack",
    "price": "59,90 Kč",
    "unit_price": "1426.19 Kč/kg",
    "package_amount": "42 g",
    "subcategory_name": "Speciální - High protein",
    "subcategory_url": "https://www.rohlik.cz/c300123064-high-protein"
  },
  {
    "name": "Yoeggs Proteinový dezert s vanilkovou příchutí",
    "price": "79,90 Kč",
    "unit_price": "639.2 Kč/kg",
    "package_amount": "125 g",
    "subcategory_name": "Speciální - High protein",
    "subcategory_url": "https://www.rohlik.cz/c300123064-high-protein"
  },
  {
    "name": "Ehrmann High Protein Mousse Salted Caramel Style",
    "price": "58,90 Kč",
    "unit_price": "294.5 Kč/kg",
    "package_amount": "200 g",
    "subcategory_name": "Speciální - High protein",
    "subcategory_url": "https://www.rohlik.cz/c300123064-high-protein"
  },
  {
    "name": "Granarolo Milkshake High Protein Deep salty caramel",
    "price": "45,90 Kč",
    "unit_price": "195.32 Kč/l",
    "package_amount": "235 ml",
    "subcategory_name": "Speciální - High protein",
    "subcategory_url": "https://www.rohlik.cz/c300123064-high-protein"
  },
  {
    "name": "Granarolo Milkshake High protein Dark choco bomb",
    "price": "45,90 Kč",
    "unit_price": "195.32 Kč/l",
    "package_amount": "235 ml",
    "subcategory_name": "Speciální - High protein",
    "subcategory_url": "https://www.rohlik.cz/c300123064-high-protein"
  },
  {
    "name": "Alpro Sójový dezert mango-banán",
    "price": "49,90 Kč",
    "unit_price": "249.5 Kč/kg",
    "package_amount": "200 g",
    "subcategory_name": "Speciální - High protein",
    "subcategory_url": "https://www.rohlik.cz/c300123064-high-protein"
  },
  {
    "name": "Zott Protein mousse choco",
    "price": "51,90 Kč",
    "unit_price": "259.5 Kč/kg",
    "package_amount": "200 g",
    "subcategory_name": "Speciální - High protein",
    "subcategory_url": "https://www.rohlik.cz/c300123064-high-protein"
  },
  {
    "name": "Mini Babybel Protein",
    "price": "44,90 Kč",
    "unit_price": "748.33 Kč/kg",
    "package_amount": "60 g",
    "subcategory_name": "Speciální - High protein",
    "subcategory_url": "https://www.rohlik.cz/c300123064-high-protein"
  },
  {
    "name": "Alpro Sójový dezert červené ovoce",
    "price": "49,90 Kč",
    "unit_price": "249.5 Kč/kg",
    "package_amount": "200 g",
    "subcategory_name": "Speciální - High protein",
    "subcategory_url": "https://www.rohlik.cz/c300123064-high-protein"
  },
  {
    "name": "Delacto Máslo se sníženým obsahem laktózy",
    "price": "41,90 Kč",
    "unit_price": "335.2 Kč/kg",
    "package_amount": "125 g",
    "subcategory_name": "Speciální - Máslo bez laktózy",
    "subcategory_url": "https://www.rohlik.cz/c300121235-maslo-a-tuky-bez-laktozy"
  },
  {
    "name": "Madeta Jihočeské pomazánkové tradiční bezlaktózové",
    "price": "38,90 Kč",
    "unit_price": "259.33 Kč/kg",
    "package_amount": "150 g",
    "subcategory_name": "Speciální - Máslo bez laktózy",
    "subcategory_url": "https://www.rohlik.cz/c300121235-maslo-a-tuky-bez-laktozy"
  },
  {
    "name": "Granarolo Máslo se sníženým obsahem tuku bez laktózy",
    "price": "64,90 Kč",
    "unit_price": "649 Kč/kg",
    "package_amount": "100 g",
    "subcategory_name": "Speciální - Máslo bez laktózy",
    "subcategory_url": "https://www.rohlik.cz/c300121235-maslo-a-tuky-bez-laktozy"
  },
  {
    "name": "Miil Trvanlivé polotučné mléko 1,5%, bez laktózy",
    "price": "24,90 Kč",
    "unit_price": "24.9 Kč/l",
    "package_amount": "1 l",
    "subcategory_name": "Speciální - Mléčné nápoje bez laktózy",
    "subcategory_url": "https://www.rohlik.cz/c300121234-mleko-a-mlecne-napoje-bez-laktozy"
  },
  {
    "name": "Pragolaktos Trvanlivé plnotučné mléko bez laktózy 3,5%",
    "price": "29,90 Kč",
    "unit_price": "29.9 Kč/l",
    "package_amount": "1 l",
    "subcategory_name": "Speciální - Mléčné nápoje bez laktózy",
    "subcategory_url": "https://www.rohlik.cz/c300121234-mleko-a-mlecne-napoje-bez-laktozy"
  },
  {
    "name": "Meggle Trvanlivé bezlaktózové mléko polotučné 1,5%",
    "price": "43,90 Kč",
    "unit_price": "43.9 Kč/l",
    "package_amount": "1 l",
    "subcategory_name": "Speciální - Mléčné nápoje bez laktózy",
    "subcategory_url": "https://www.rohlik.cz/c300121234-mleko-a-mlecne-napoje-bez-laktozy"
  },
  {
    "name": "Berchtesgadener Land BIO Čerstvé alpské mléko bez laktózy plnotučné",
    "price": "67,90 Kč",
    "unit_price": "67.9 Kč/l",
    "package_amount": "1 l",
    "subcategory_name": "Speciální - Mléčné nápoje bez laktózy",
    "subcategory_url": "https://www.rohlik.cz/c300121234-mleko-a-mlecne-napoje-bez-laktozy"
  },
  {
    "name": "Mlékárna Kunín Lehké ráno mléko bez laktózy 1,5%",
    "price": "23,90 Kč",
    "unit_price": "47.8 Kč/l",
    "package_amount": "500 ml",
    "subcategory_name": "Speciální - Mléčné nápoje bez laktózy",
    "subcategory_url": "https://www.rohlik.cz/c300121234-mleko-a-mlecne-napoje-bez-laktozy"
  },
  {
    "name": "Meggle Trvanlivé bezlaktózové mléko plnotučné 3,5%",
    "price": "49,90 Kč",
    "unit_price": "49.9 Kč/l",
    "package_amount": "1 l",
    "subcategory_name": "Speciální - Mléčné nápoje bez laktózy",
    "subcategory_url": "https://www.rohlik.cz/c300121234-mleko-a-mlecne-napoje-bez-laktozy"
  },
  {
    "name": "Berchtesgadener Land BIO Čerstvé alpské mléko bez laktózy polotučné",
    "price": "59,90 Kč",
    "unit_price": "59.9 Kč/l",
    "package_amount": "1 l",
    "subcategory_name": "Speciální - Mléčné nápoje bez laktózy",
    "subcategory_url": "https://www.rohlik.cz/c300121234-mleko-a-mlecne-napoje-bez-laktozy"
  },
  {
    "name": "Mlékárna Kunín Lehké ráno mléko bez laktózy 1,5%",
    "price": "47,90 Kč",
    "unit_price": "47.9 Kč/l",
    "package_amount": "1 l",
    "subcategory_name": "Speciální - Mléčné nápoje bez laktózy",
    "subcategory_url": "https://www.rohlik.cz/c300121234-mleko-a-mlecne-napoje-bez-laktozy"
  },
  {
    "name": "Mlékárna Kunín UHT Lehké ráno mléko bez laktózy 1,5%",
    "price": "34,90 Kč",
    "unit_price": "34.9 Kč/l",
    "package_amount": "1 l",
    "subcategory_name": "Speciální - Mléčné nápoje bez laktózy",
    "subcategory_url": "https://www.rohlik.cz/c300121234-mleko-a-mlecne-napoje-bez-laktozy"
  },
  {
    "name": "Farma Babina Čerstvé mléko plnotučné bez laktózy",
    "price": "68 Kč",
    "unit_price": "68 Kč/l",
    "package_amount": "1 l",
    "subcategory_name": "Speciální - Mléčné nápoje bez laktózy",
    "subcategory_url": "https://www.rohlik.cz/c300121234-mleko-a-mlecne-napoje-bez-laktozy"
  },
  {
    "name": "Ehrmann High Protein nápoj Banán",
    "price": "46,90 Kč",
    "unit_price": "187.6 Kč/l",
    "package_amount": "250 ml",
    "subcategory_name": "Speciální - Mléčné nápoje bez laktózy",
    "subcategory_url": "https://www.rohlik.cz/c300121234-mleko-a-mlecne-napoje-bez-laktozy"
  },
  {
    "name": "Ehrmann High Protein nápoj Čokoláda",
    "price": "46,90 Kč",
    "unit_price": "187.6 Kč/l",
    "package_amount": "250 ml",
    "subcategory_name": "Speciální - Mléčné nápoje bez laktózy",
    "subcategory_url": "https://www.rohlik.cz/c300121234-mleko-a-mlecne-napoje-bez-laktozy"
  },
  {
    "name": "Ehrmann High Protein caffè latte classic",
    "price": "54,90 Kč",
    "unit_price": "219.6 Kč/l",
    "package_amount": "250 ml",
    "subcategory_name": "Speciální - Mléčné nápoje bez laktózy",
    "subcategory_url": "https://www.rohlik.cz/c300121234-mleko-a-mlecne-napoje-bez-laktozy"
  },
  {
    "name": "Ehrmann High Protein caffè latte caramel style",
    "price": "54,90 Kč",
    "unit_price": "219.6 Kč/l",
    "package_amount": "250 ml",
    "subcategory_name": "Speciální - Mléčné nápoje bez laktózy",
    "subcategory_url": "https://www.rohlik.cz/c300121234-mleko-a-mlecne-napoje-bez-laktozy"
  },
  {
    "name": "Tatra Salko zahuštěné mléko slazené bez laktózy 8 %",
    "price": "82,90 Kč",
    "unit_price": "208.82 Kč/kg",
    "package_amount": "397 g",
    "subcategory_name": "Speciální - Mléčné nápoje bez laktózy",
    "subcategory_url": "https://www.rohlik.cz/c300121234-mleko-a-mlecne-napoje-bez-laktozy"
  },
  {
    "name": "Granarolo Milkshake High protein Dark choco bomb",
    "price": "45,90 Kč",
    "unit_price": "195.32 Kč/l",
    "package_amount": "235 ml",
    "subcategory_name": "Speciální - Mléčné nápoje bez laktózy",
    "subcategory_url": "https://www.rohlik.cz/c300121234-mleko-a-mlecne-napoje-bez-laktozy"
  },
  {
    "name": "Deli Q Daily Plant Plátky s příchutí kozího sýru",
    "price": "49,90 Kč",
    "unit_price": "499 Kč/kg",
    "package_amount": "100 g",
    "subcategory_name": "Speciální - Sýry bez laktózy",
    "subcategory_url": "https://www.rohlik.cz/c300121232-syry-bez-laktozy"
  },
  {
    "name": "Lučina Nadýchaná bez laktózy",
    "price": "53,90 Kč",
    "unit_price": "385 Kč/kg",
    "package_amount": "140 g",
    "subcategory_name": "Speciální - Sýry bez laktózy",
    "subcategory_url": "https://www.rohlik.cz/c300121232-syry-bez-laktozy"
  },
  {
    "name": "Delacto Gouda plátky bez laktózy",
    "price": "33,90 Kč",
    "unit_price": "339 Kč/kg",
    "package_amount": "100 g",
    "subcategory_name": "Speciální - Sýry bez laktózy",
    "subcategory_url": "https://www.rohlik.cz/c300121232-syry-bez-laktozy"
  },
  {
    "name": "Madeta Jihočeský natur cottage bez laktózy 7 %",
    "price": "32,90 Kč",
    "unit_price": "219.33 Kč/kg",
    "package_amount": "150 g",
    "subcategory_name": "Speciální - Sýry bez laktózy",
    "subcategory_url": "https://www.rohlik.cz/c300121232-syry-bez-laktozy"
  },
  {
    "name": "Sedlčanský Hermelín bez laktózy",
    "price": "44,90 Kč",
    "unit_price": "449 Kč/kg",
    "package_amount": "100 g",
    "subcategory_name": "Speciální - Sýry bez laktózy",
    "subcategory_url": "https://www.rohlik.cz/c300121232-syry-bez-laktozy"
  },
  {
    "name": "Galbani Mozzarella Lactose free",
    "price": "38,90 Kč",
    "unit_price": "389 Kč/kg",
    "package_amount": "100 g",
    "subcategory_name": "Speciální - Sýry bez laktózy",
    "subcategory_url": "https://www.rohlik.cz/c300121232-syry-bez-laktozy"
  },
  {
    "name": "Meggle Cottage sýr bezlaktózový",
    "price": "45,90 Kč",
    "unit_price": "255 Kč/kg",
    "package_amount": "180 g",
    "subcategory_name": "Speciální - Sýry bez laktózy",
    "subcategory_url": "https://www.rohlik.cz/c300121232-syry-bez-laktozy"
  },
  {
    "name": "Tami Mozzarella bez laktózy",
    "price": "34,90 Kč",
    "unit_price": "290.83 Kč/kg",
    "package_amount": "120 g",
    "subcategory_name": "Speciální - Sýry bez laktózy",
    "subcategory_url": "https://www.rohlik.cz/c300121232-syry-bez-laktozy"
  },
  {
    "name": "Heinrichsthaler Tilsiter 45% plátky",
    "price": "66,10 Kč",
    "unit_price": "440.67 Kč/kg",
    "package_amount": "150 g",
    "subcategory_name": "Speciální - Sýry bez laktózy",
    "subcategory_url": "https://www.rohlik.cz/c300121232-syry-bez-laktozy"
  },
  {
    "name": "Mini Babybel Original",
    "price": "67,90 Kč",
    "unit_price": "679 Kč/kg",
    "package_amount": "100 g",
    "subcategory_name": "Speciální - Sýry bez laktózy",
    "subcategory_url": "https://www.rohlik.cz/c300121232-syry-bez-laktozy"
  },
  {
    "name": "Liptov Gouda bez laktózy",
    "price": "48,90 Kč",
    "unit_price": "543.33 Kč/kg",
    "package_amount": "90 g",
    "subcategory_name": "Speciální - Sýry bez laktózy",
    "subcategory_url": "https://www.rohlik.cz/c300121232-syry-bez-laktozy"
  },
  {
    "name": "Kolios Feta P.D.O. bez laktózy",
    "price": "79,90 Kč",
    "unit_price": "532.67 Kč/kg",
    "package_amount": "150 g",
    "subcategory_name": "Speciální - Sýry bez laktózy",
    "subcategory_url": "https://www.rohlik.cz/c300121232-syry-bez-laktozy"
  },
  {
    "name": "Arla Smetanový sýr natur bez laktózy",
    "price": "59,90 Kč",
    "unit_price": "299.5 Kč/kg",
    "package_amount": "200 g",
    "subcategory_name": "Speciální - Sýry bez laktózy",
    "subcategory_url": "https://www.rohlik.cz/c300121232-syry-bez-laktozy"
  },
  {
    "name": "Granarolo High protein ricotta",
    "price": "54,40 Kč",
    "unit_price": "217.6 Kč/kg",
    "package_amount": "250 g",
    "subcategory_name": "Speciální - Sýry bez laktózy",
    "subcategory_url": "https://www.rohlik.cz/c300121232-syry-bez-laktozy"
  },
  {
    "name": "Veselá kráva Bez laktózy",
    "price": "53,90 Kč",
    "unit_price": "449.17 Kč/kg",
    "package_amount": "120 g",
    "subcategory_name": "Speciální - Sýry bez laktózy",
    "subcategory_url": "https://www.rohlik.cz/c300121232-syry-bez-laktozy"
  },
  {
    "name": "Philadelphia Smetanový sýr bez laktózy",
    "price": "57,90 Kč",
    "unit_price": "386 Kč/kg",
    "package_amount": "150 g",
    "subcategory_name": "Speciální - Sýry bez laktózy",
    "subcategory_url": "https://www.rohlik.cz/c300121232-syry-bez-laktozy"
  },
  {
    "name": "Heinrichsthaler Gouda 48% plátky",
    "price": "74,90 Kč",
    "unit_price": "499.33 Kč/kg",
    "package_amount": "150 g",
    "subcategory_name": "Speciální - Sýry bez laktózy",
    "subcategory_url": "https://www.rohlik.cz/c300121232-syry-bez-laktozy"
  },
  {
    "name": "Heinrichsthaler Emmental 45% plátky",
    "price": "62,90 Kč",
    "unit_price": "503.2 Kč/kg",
    "package_amount": "125 g",
    "subcategory_name": "Speciální - Sýry bez laktózy",
    "subcategory_url": "https://www.rohlik.cz/c300121232-syry-bez-laktozy"
  },
  {
    "name": "Mini Babybel Original 3×20 g",
    "price": "44,90 Kč",
    "unit_price": "748.33 Kč/kg",
    "package_amount": "60 g",
    "subcategory_name": "Speciální - Sýry bez laktózy",
    "subcategory_url": "https://www.rohlik.cz/c300121232-syry-bez-laktozy"
  },
  {
    "name": "Milsy Lacti-No Parenica neuzená bez laktózy",
    "price": "58,90 Kč",
    "unit_price": "535.45 Kč/kg",
    "package_amount": "110 g",
    "subcategory_name": "Speciální - Sýry bez laktózy",
    "subcategory_url": "https://www.rohlik.cz/c300121232-syry-bez-laktozy"
  },
  {
    "name": "Granarolo High protein stracchino",
    "price": "54,40 Kč",
    "unit_price": "340 Kč/kg",
    "package_amount": "160 g",
    "subcategory_name": "Speciální - Sýry bez laktózy",
    "subcategory_url": "https://www.rohlik.cz/c300121232-syry-bez-laktozy"
  },
  {
    "name": "Liptov Bryndza bez laktózy",
    "price": "54,90 Kč",
    "unit_price": "499.09 Kč/kg",
    "package_amount": "110 g",
    "subcategory_name": "Speciální - Sýry bez laktózy",
    "subcategory_url": "https://www.rohlik.cz/c300121232-syry-bez-laktozy"
  },
  {
    "name": "Almette Tvarohový sýr s bylinkami bez laktózy",
    "price": "59,90 Kč",
    "unit_price": "399.33 Kč/kg",
    "package_amount": "150 g",
    "subcategory_name": "Speciální - Sýry bez laktózy",
    "subcategory_url": "https://www.rohlik.cz/c300121232-syry-bez-laktozy"
  },
  {
    "name": "Sterilgarda Mascarpone bez laktózy",
    "price": "89,90 Kč",
    "unit_price": "359.6 Kč/kg",
    "package_amount": "250 g",
    "subcategory_name": "Speciální - Sýry bez laktózy",
    "subcategory_url": "https://www.rohlik.cz/c300121232-syry-bez-laktozy"
  },
  {
    "name": "Tami Tatranský rival bez laktózy",
    "price": "37,90 Kč",
    "unit_price": "315.83 Kč/kg",
    "package_amount": "120 g",
    "subcategory_name": "Speciální - Sýry bez laktózy",
    "subcategory_url": "https://www.rohlik.cz/c300121232-syry-bez-laktozy"
  },
  {
    "name": "Granarolo Ricottine bez laktózy",
    "price": "51,90 Kč",
    "unit_price": "259.5 Kč/kg",
    "package_amount": "200 g",
    "subcategory_name": "Speciální - Sýry bez laktózy",
    "subcategory_url": "https://www.rohlik.cz/c300121232-syry-bez-laktozy"
  },
  {
    "name": "Almette Tvarohový sýr bez laktózy",
    "price": "59,90 Kč",
    "unit_price": "399.33 Kč/kg",
    "package_amount": "150 g",
    "subcategory_name": "Speciální - Sýry bez laktózy",
    "subcategory_url": "https://www.rohlik.cz/c300121232-syry-bez-laktozy"
  },
  {
    "name": "Milsy Lacti-No Parenica uzená bez laktózy",
    "price": "58,90 Kč",
    "unit_price": "535.45 Kč/kg",
    "package_amount": "110 g",
    "subcategory_name": "Speciální - Sýry bez laktózy",
    "subcategory_url": "https://www.rohlik.cz/c300121232-syry-bez-laktozy"
  },
  {
    "name": "Arla Smetanový sýr česnek bez laktózy",
    "price": "59,90 Kč",
    "unit_price": "299.5 Kč/kg",
    "package_amount": "200 g",
    "subcategory_name": "Speciální - Sýry bez laktózy",
    "subcategory_url": "https://www.rohlik.cz/c300121232-syry-bez-laktozy"
  },
  {
    "name": "Cilento Mozzarella di Bufala Campana CHOP bez laktózy",
    "price": "90,90 Kč",
    "unit_price": "505 Kč/kg",
    "package_amount": "180 g",
    "subcategory_name": "Speciální - Sýry bez laktózy",
    "subcategory_url": "https://www.rohlik.cz/c300121232-syry-bez-laktozy"
  },
  {
    "name": "Tami Encián bezlaktózový camembert",
    "price": "46,90 Kč",
    "unit_price": "426.36 Kč/kg",
    "package_amount": "110 g",
    "subcategory_name": "Speciální - Sýry bez laktózy",
    "subcategory_url": "https://www.rohlik.cz/c300121232-syry-bez-laktozy"
  },
  {
    "name": "Deli Q Daily Plant Plátky s příchutí goudy",
    "price": "39,90 Kč",
    "unit_price": "399 Kč/kg",
    "package_amount": "100 g",
    "subcategory_name": "Speciální - Sýry bez laktózy",
    "subcategory_url": "https://www.rohlik.cz/c300121232-syry-bez-laktozy"
  },
  {
    "name": "Deli Q Daily Plant Bloček s příchutí sýru řeckého typu",
    "price": "44,90 Kč",
    "unit_price": "299.33 Kč/kg",
    "package_amount": "150 g",
    "subcategory_name": "Speciální - Sýry bez laktózy",
    "subcategory_url": "https://www.rohlik.cz/c300121232-syry-bez-laktozy"
  },
  {
    "name": "Coburger Brie \"Minus L\" se sníženým obsahem laktózy",
    "price": "109,90 Kč",
    "unit_price": "549.5 Kč/kg",
    "package_amount": "200 g",
    "subcategory_name": "Speciální - Sýry bez laktózy",
    "subcategory_url": "https://www.rohlik.cz/c300121232-syry-bez-laktozy"
  },
  {
    "name": "Coburger Camembert 30% se sníženým obsahem laktózy",
    "price": "59,90 Kč",
    "unit_price": "479.2 Kč/kg",
    "package_amount": "125 g",
    "subcategory_name": "Speciální - Sýry bez laktózy",
    "subcategory_url": "https://www.rohlik.cz/c300121232-syry-bez-laktozy"
  },
  {
    "name": "Pinna Brigante sýr bez laktózy",
    "price": "179,90 Kč",
    "unit_price": "899.5 Kč/kg",
    "package_amount": "200 g",
    "subcategory_name": "Speciální - Sýry bez laktózy",
    "subcategory_url": "https://www.rohlik.cz/c300121232-syry-bez-laktozy"
  },
  {
    "name": "Meggle Bezlaktózová smetana ke šlehání 30%",
    "price": "37,90 Kč",
    "unit_price": "189.5 Kč/l",
    "package_amount": "200 ml",
    "subcategory_name": "Speciální - Smetany bez laktózy",
    "subcategory_url": "https://www.rohlik.cz/c300121236-smetany-a-slehacky-bez-laktozy"
  },
  {
    "name": "Meggle Bezlaktózová smetana na vaření 10%",
    "price": "35,90 Kč",
    "unit_price": "179.5 Kč/l",
    "package_amount": "200 ml",
    "subcategory_name": "Speciální - Smetany bez laktózy",
    "subcategory_url": "https://www.rohlik.cz/c300121236-smetany-a-slehacky-bez-laktozy"
  },
  {
    "name": "Madeta Jihočeská zakysaná smetana 15% bezlaktózová",
    "price": "29,90 Kč",
    "unit_price": "166.11 Kč/kg",
    "package_amount": "180 g",
    "subcategory_name": "Speciální - Smetany bez laktózy",
    "subcategory_url": "https://www.rohlik.cz/c300121236-smetany-a-slehacky-bez-laktozy"
  },
  {
    "name": "Berchtesgadener Land BIO Smetana ke šlehání bez laktózy",
    "price": "46,90 Kč",
    "unit_price": "234.5 Kč/kg",
    "package_amount": "200 g",
    "subcategory_name": "Speciální - Smetany bez laktózy",
    "subcategory_url": "https://www.rohlik.cz/c300121236-smetany-a-slehacky-bez-laktozy"
  },
  {
    "name": "Madeta Zakysaná smetana s jahodami bez laktózy",
    "price": "19,30 Kč",
    "unit_price": "148.46 Kč/kg",
    "package_amount": "130 g",
    "subcategory_name": "Speciální - Smetany bez laktózy",
    "subcategory_url": "https://www.rohlik.cz/c300121236-smetany-a-slehacky-bez-laktozy"
  },
  {
    "name": "Meggle Bezlaktózová šlehačka ve spreji 22%",
    "price": "84,90 Kč",
    "unit_price": "339.6 Kč/l",
    "package_amount": "250 ml",
    "subcategory_name": "Speciální - Smetany bez laktózy",
    "subcategory_url": "https://www.rohlik.cz/c300121236-smetany-a-slehacky-bez-laktozy"
  },
  {
    "name": "Granarolo Bezlaktózová smetana 35%",
    "price": "59,90 Kč",
    "unit_price": "239.6 Kč/l",
    "package_amount": "250 ml",
    "subcategory_name": "Speciální - Smetany bez laktózy",
    "subcategory_url": "https://www.rohlik.cz/c300121236-smetany-a-slehacky-bez-laktozy"
  },
  {
    "name": "Granarolo UHT Bezlaktózová smetana na vaření 20% (3×100 ml)",
    "price": "72,90 Kč",
    "unit_price": "243 Kč/kg",
    "package_amount": "300 g",
    "subcategory_name": "Speciální - Smetany bez laktózy",
    "subcategory_url": "https://www.rohlik.cz/c300121236-smetany-a-slehacky-bez-laktozy"
  },
  {
    "name": "Miil BIO Čerstvé mléko plnotučné 3,6%",
    "price": "33,90 Kč",
    "unit_price": "33.9 Kč/l",
    "package_amount": "1 l",
    "subcategory_name": "Mléčné - Čerstvé",
    "subcategory_url": "https://www.rohlik.cz/c300105002-cerstve"
  },
  {
    "name": "Miil Selské čerstvé plnotučné mléko 3,8 % tuku",
    "price": "27,90 Kč",
    "unit_price": "27.9 Kč/l",
    "package_amount": "1 l",
    "subcategory_name": "Mléčné - Čerstvé",
    "subcategory_url": "https://www.rohlik.cz/c300105002-cerstve"
  },
  {
    "name": "Miil Čerstvé mléko polotučné 1,5 % tuku",
    "price": "23,90 Kč",
    "unit_price": "23.9 Kč/l",
    "package_amount": "1 l",
    "subcategory_name": "Mléčné - Čerstvé",
    "subcategory_url": "https://www.rohlik.cz/c300105002-cerstve"
  },
  {
    "name": "Olma BIO Čerstvé mléko plnotučné 4 %",
    "price": "35,90 Kč",
    "unit_price": "35.9 Kč/l",
    "package_amount": "1 l",
    "subcategory_name": "Mléčné - Čerstvé",
    "subcategory_url": "https://www.rohlik.cz/c300105002-cerstve"
  },
  {
    "name": "Miil Čerstvé mléko plnotučné 3,5%",
    "price": "27,90 Kč",
    "unit_price": "27.9 Kč/l",
    "package_amount": "1 l",
    "subcategory_name": "Mléčné - Čerstvé",
    "subcategory_url": "https://www.rohlik.cz/c300105002-cerstve"
  },
  {
    "name": "Olma Čerstvé mléko polotučné 1,5 %",
    "price": "33,90 Kč",
    "unit_price": "33.9 Kč/l",
    "package_amount": "1 l",
    "subcategory_name": "Mléčné - Čerstvé",
    "subcategory_url": "https://www.rohlik.cz/c300105002-cerstve"
  },
  {
    "name": "Olma Selské čerstvé mléko plnotučné 3,9 %",
    "price": "41,90 Kč",
    "unit_price": "41.9 Kč/l",
    "package_amount": "1 l",
    "subcategory_name": "Mléčné - Čerstvé",
    "subcategory_url": "https://www.rohlik.cz/c300105002-cerstve"
  },
  {
    "name": "Bohemilk Čerstvé mléko ve skle plnotučné 3,5%",
    "price": "45,90 Kč",
    "unit_price": "61.2 Kč/l",
    "package_amount": "0,75 l",
    "subcategory_name": "Mléčné - Čerstvé",
    "subcategory_url": "https://www.rohlik.cz/c300105002-cerstve"
  },
  {
    "name": "Mlékárna Řetová Sloupnické selské A2 mléko",
    "price": "53,40 Kč",
    "unit_price": "53.4 Kč/l",
    "package_amount": "1 l",
    "subcategory_name": "Mléčné - Čerstvé",
    "subcategory_url": "https://www.rohlik.cz/c300105002-cerstve"
  },
  {
    "name": "Krajanka Čerstvé mléko plnotučné 3,5%",
    "price": "31,90 Kč",
    "unit_price": "31.9 Kč/l",
    "package_amount": "1 l",
    "subcategory_name": "Mléčné - Čerstvé",
    "subcategory_url": "https://www.rohlik.cz/c300105002-cerstve"
  },
  {
    "name": "Tami BIO Čerstvé mléko polotučné 1,5%",
    "price": "44,90 Kč",
    "unit_price": "44.9 Kč/l",
    "package_amount": "1 l",
    "subcategory_name": "Mléčné - Čerstvé",
    "subcategory_url": "https://www.rohlik.cz/c300105002-cerstve"
  },
  {
    "name": "Berchtesgadener Land BIO Čerstvé alpské mléko bez laktózy plnotučné",
    "price": "67,90 Kč",
    "unit_price": "67.9 Kč/l",
    "package_amount": "1 l",
    "subcategory_name": "Mléčné - Čerstvé",
    "subcategory_url": "https://www.rohlik.cz/c300105002-cerstve"
  },
  {
    "name": "Mlékárna Kunín Selské mléko plnotučné čerstvé 3,8%",
    "price": "44,90 Kč",
    "unit_price": "44.9 Kč/l",
    "package_amount": "1 l",
    "subcategory_name": "Mléčné - Čerstvé",
    "subcategory_url": "https://www.rohlik.cz/c300105002-cerstve"
  },
  {
    "name": "Farma rodiny Němcovy Mléko ve skle nehomogenizované",
    "price": "42,90 Kč",
    "unit_price": "42.9 Kč/l",
    "package_amount": "1 l",
    "subcategory_name": "Mléčné - Čerstvé",
    "subcategory_url": "https://www.rohlik.cz/c300105002-cerstve"
  },
  {
    "name": "Mlékárna Kunín Lehké ráno mléko bez laktózy 1,5%",
    "price": "23,90 Kč",
    "unit_price": "47.8 Kč/l",
    "package_amount": "500 ml",
    "subcategory_name": "Mléčné - Čerstvé",
    "subcategory_url": "https://www.rohlik.cz/c300105002-cerstve"
  },
  {
    "name": "Mlékárna Ohaře Mléko plnotučné nehomogenizované",
    "price": "43,70 Kč",
    "unit_price": "43.7 Kč/l",
    "package_amount": "1 l",
    "subcategory_name": "Mléčné - Čerstvé",
    "subcategory_url": "https://www.rohlik.cz/c300105002-cerstve"
  },
  {
    "name": "Bon Lait Kozí mléko čerstvé, nehomogenizované",
    "price": "59,90 Kč",
    "unit_price": "119.8 Kč/l",
    "package_amount": "500 ml",
    "subcategory_name": "Mléčné - Čerstvé",
    "subcategory_url": "https://www.rohlik.cz/c300105002-cerstve"
  },
  {
    "name": "Milknatur Čerstvé mléko z farmy nehomogenizované min. 3,8 %",
    "price": "47,90 Kč",
    "unit_price": "47.9 Kč/l",
    "package_amount": "1 l",
    "subcategory_name": "Mléčné - Čerstvé",
    "subcategory_url": "https://www.rohlik.cz/c300105002-cerstve"
  },
  {
    "name": "Berchtesgadener Land BIO Čerstvé alpské mléko bez laktózy polotučné",
    "price": "59,90 Kč",
    "unit_price": "59.9 Kč/l",
    "package_amount": "1 l",
    "subcategory_name": "Mléčné - Čerstvé",
    "subcategory_url": "https://www.rohlik.cz/c300105002-cerstve"
  },
  {
    "name": "Moravia Čerstvé plnotučné farmářské mléko",
    "price": "39,90 Kč",
    "unit_price": "39.9 Kč/l",
    "package_amount": "1 l",
    "subcategory_name": "Mléčné - Čerstvé",
    "subcategory_url": "https://www.rohlik.cz/c300105002-cerstve"
  },
  {
    "name": "Milknatur Čerstvé mléko z farmy nehomogenizované min. 3,8 %",
    "price": "35,90 Kč",
    "unit_price": "71.8 Kč/l",
    "package_amount": "500 ml",
    "subcategory_name": "Mléčné - Čerstvé",
    "subcategory_url": "https://www.rohlik.cz/c300105002-cerstve"
  },
  {
    "name": "Erlebnis Sennerei Mléko z louky 3,6 %",
    "price": "81,70 Kč",
    "unit_price": "81.7 Kč/l",
    "package_amount": "1 l",
    "subcategory_name": "Mléčné - Čerstvé",
    "subcategory_url": "https://www.rohlik.cz/c300105002-cerstve"
  },
  {
    "name": "Erlebnis Sennerei Mléko z louky s medem 3,6 %",
    "price": "63,20 Kč",
    "unit_price": "126.4 Kč/l",
    "package_amount": "500 ml",
    "subcategory_name": "Mléčné - Čerstvé",
    "subcategory_url": "https://www.rohlik.cz/c300105002-cerstve"
  },
  {
    "name": "Farma Babina Čerstvé mléko plnotučné bez laktózy",
    "price": "68 Kč",
    "unit_price": "68 Kč/l",
    "package_amount": "1 l",
    "subcategory_name": "Mléčné - Čerstvé",
    "subcategory_url": "https://www.rohlik.cz/c300105002-cerstve"
  },
  {
    "name": "Miil Kefírové mléko 1%",
    "price": "14,90 Kč",
    "unit_price": "29.8 Kč/l",
    "package_amount": "500 ml",
    "subcategory_name": "Mléčné - Kefíry",
    "subcategory_url": "https://www.rohlik.cz/c300105007-kefiry-a-zakys"
  },
  {
    "name": "Olma BIO Selský Kefír",
    "price": "23,90 Kč",
    "unit_price": "53.11 Kč/kg",
    "package_amount": "450 g",
    "subcategory_name": "Mléčné - Kefíry",
    "subcategory_url": "https://www.rohlik.cz/c300105007-kefiry-a-zakys"
  },
  {
    "name": "Mlékárna ValMez Kefírové mléko nízkotučné 1,1%",
    "price": "24,90 Kč",
    "unit_price": "49.8 Kč/l",
    "package_amount": "500 ml",
    "subcategory_name": "Mléčné - Kefíry",
    "subcategory_url": "https://www.rohlik.cz/c300105007-kefiry-a-zakys"
  },
  {
    "name": "Mlékárna Kunín Kefírové mléko",
    "price": "38,90 Kč",
    "unit_price": "51.87 Kč/kg",
    "package_amount": "0,75 kg",
    "subcategory_name": "Mléčné - Kefíry",
    "subcategory_url": "https://www.rohlik.cz/c300105007-kefiry-a-zakys"
  },
  {
    "name": "Moravia Podmáslí kysané 1 %",
    "price": "20,90 Kč",
    "unit_price": "41.8 Kč/l",
    "package_amount": "500 ml",
    "subcategory_name": "Mléčné - Kefíry",
    "subcategory_url": "https://www.rohlik.cz/c300105007-kefiry-a-zakys"
  },
  {
    "name": "Mlékárna Kunín Kefírové mléko",
    "price": "23,90 Kč",
    "unit_price": "79.67 Kč/kg",
    "package_amount": "300 g",
    "subcategory_name": "Mléčné - Kefíry",
    "subcategory_url": "https://www.rohlik.cz/c300105007-kefiry-a-zakys"
  },
  {
    "name": "Mlékárna ValMez Kefírové mléko jahoda nízkotučné 0,8%",
    "price": "28,90 Kč",
    "unit_price": "64.22 Kč/l",
    "package_amount": "450 ml",
    "subcategory_name": "Mléčné - Kefíry",
    "subcategory_url": "https://www.rohlik.cz/c300105007-kefiry-a-zakys"
  },
  {
    "name": "Milknatur Kefír selský z farmy",
    "price": "35,90 Kč",
    "unit_price": "79.78 Kč/l",
    "package_amount": "450 ml",
    "subcategory_name": "Mléčné - Kefíry",
    "subcategory_url": "https://www.rohlik.cz/c300105007-kefiry-a-zakys"
  },
  {
    "name": "Mlékárna Kunín Kefírové mléko banán",
    "price": "23,90 Kč",
    "unit_price": "79.67 Kč/kg",
    "package_amount": "300 g",
    "subcategory_name": "Mléčné - Kefíry",
    "subcategory_url": "https://www.rohlik.cz/c300105007-kefiry-a-zakys"
  },
  {
    "name": "Mlékárna ValMez Kefírové mléko meruňkové nízkotučné 0,8%",
    "price": "28,90 Kč",
    "unit_price": "64.22 Kč/l",
    "package_amount": "450 ml",
    "subcategory_name": "Mléčné - Kefíry",
    "subcategory_url": "https://www.rohlik.cz/c300105007-kefiry-a-zakys"
  },
  {
    "name": "Mlékárna Kunín Acidofilní mléko",
    "price": "38,90 Kč",
    "unit_price": "51.87 Kč/kg",
    "package_amount": "0,75 kg",
    "subcategory_name": "Mléčné - Kefíry",
    "subcategory_url": "https://www.rohlik.cz/c300105007-kefiry-a-zakys"
  },
  {
    "name": "Biofarma DoRa BIO Kozí kefír",
    "price": "52,90 Kč",
    "unit_price": "117.56 Kč/kg",
    "package_amount": "450 g",
    "subcategory_name": "Mléčné - Kefíry",
    "subcategory_url": "https://www.rohlik.cz/c300105007-kefiry-a-zakys"
  },
  {
    "name": "Mlékárna Kunín Kefírové mléko jahoda",
    "price": "23,90 Kč",
    "unit_price": "79.67 Kč/kg",
    "package_amount": "300 g",
    "subcategory_name": "Mléčné - Kefíry",
    "subcategory_url": "https://www.rohlik.cz/c300105007-kefiry-a-zakys"
  },
  {
    "name": "Mlékárna Kunín Duo zakysaný nápoj s příchutí banán a jahoda",
    "price": "20,90 Kč",
    "unit_price": "69.67 Kč/kg",
    "package_amount": "300 g",
    "subcategory_name": "Mléčné - Kefíry",
    "subcategory_url": "https://www.rohlik.cz/c300105007-kefiry-a-zakys"
  },
  {
    "name": "Mlékárna Kunín Acidofilní mléko malina",
    "price": "23,90 Kč",
    "unit_price": "79.67 Kč/kg",
    "package_amount": "300 g",
    "subcategory_name": "Mléčné - Kefíry",
    "subcategory_url": "https://www.rohlik.cz/c300105007-kefiry-a-zakys"
  },
  {
    "name": "Mlékárna Kunín Kefírové mléko jahoda",
    "price": "42,90 Kč",
    "unit_price": "57.2 Kč/kg",
    "package_amount": "0,75 kg",
    "subcategory_name": "Mléčné - Kefíry",
    "subcategory_url": "https://www.rohlik.cz/c300105007-kefiry-a-zakys"
  },
  {
    "name": "Mlékárna Kunín Acidofilní mléko",
    "price": "23,90 Kč",
    "unit_price": "79.67 Kč/kg",
    "package_amount": "300 g",
    "subcategory_name": "Mléčné - Kefíry",
    "subcategory_url": "https://www.rohlik.cz/c300105007-kefiry-a-zakys"
  },
  {
    "name": "Mlékárna Kunín Duo zakysaný nápoj s příchutí ananas a kokos",
    "price": "20,90 Kč",
    "unit_price": "69.67 Kč/kg",
    "package_amount": "300 g",
    "subcategory_name": "Mléčné - Kefíry",
    "subcategory_url": "https://www.rohlik.cz/c300105007-kefiry-a-zakys"
  },
  {
    "name": "Mlékárna ValMez Acidofilní mléko plnotučné 3,6%",
    "price": "27,90 Kč",
    "unit_price": "55.8 Kč/l",
    "package_amount": "500 ml",
    "subcategory_name": "Mléčné - Kefíry",
    "subcategory_url": "https://www.rohlik.cz/c300105007-kefiry-a-zakys"
  },
  {
    "name": "Mlékárna Kunín Acidofilní mléko malina",
    "price": "42,90 Kč",
    "unit_price": "57.2 Kč/kg",
    "package_amount": "0,75 kg",
    "subcategory_name": "Mléčné - Kefíry",
    "subcategory_url": "https://www.rohlik.cz/c300105007-kefiry-a-zakys"
  },
  {
    "name": "Mlékárna Kunín Duo zakysaný nápoj s příchutí broskev a meduňka",
    "price": "20,90 Kč",
    "unit_price": "69.67 Kč/kg",
    "package_amount": "300 g",
    "subcategory_name": "Mléčné - Kefíry",
    "subcategory_url": "https://www.rohlik.cz/c300105007-kefiry-a-zakys"
  },
  {
    "name": "Biofarma DoRa Bifidora probiotický nápoj",
    "price": "33,90 Kč",
    "unit_price": "141.25 Kč/kg",
    "package_amount": "240 g",
    "subcategory_name": "Mléčné - Kefíry",
    "subcategory_url": "https://www.rohlik.cz/c300105007-kefiry-a-zakys"
  },
  {
    "name": "Rohlik.cz BIO Kefír selský bílý",
    "price": "45,90 Kč",
    "unit_price": "153 Kč/kg",
    "package_amount": "300 g",
    "subcategory_name": "Mléčné - Kefíry",
    "subcategory_url": "https://www.rohlik.cz/c300105007-kefiry-a-zakys"
  },
  {
    "name": "Mlékárna Kunín Acidofilní mléko jahoda",
    "price": "23,90 Kč",
    "unit_price": "79.67 Kč/kg",
    "package_amount": "300 g",
    "subcategory_name": "Mléčné - Kefíry",
    "subcategory_url": "https://www.rohlik.cz/c300105007-kefiry-a-zakys"
  },
  {
    "name": "Mlékárna ValMez Valašská kyška 1,5%",
    "price": "23,90 Kč",
    "unit_price": "59.75 Kč/l",
    "package_amount": "400 ml",
    "subcategory_name": "Mléčné - Kefíry",
    "subcategory_url": "https://www.rohlik.cz/c300105007-kefiry-a-zakys"
  },
  {
    "name": "Krajanka Kefírové mléko vanilkové 0,8%",
    "price": "28,90 Kč",
    "unit_price": "64.22 Kč/kg",
    "package_amount": "450 g",
    "subcategory_name": "Mléčné - Kefíry",
    "subcategory_url": "https://www.rohlik.cz/c300105007-kefiry-a-zakys"
  },
  {
    "name": "Alnatura BIO Kefír",
    "price": "29,90 Kč",
    "unit_price": "130 Kč/l",
    "package_amount": "230 ml",
    "subcategory_name": "Mléčné - Kefíry",
    "subcategory_url": "https://www.rohlik.cz/c300105007-kefiry-a-zakys"
  },
  {
    "name": "Mlékárna ValMez Kefírové mléko višňové nízkotučné 0,8%",
    "price": "28,90 Kč",
    "unit_price": "64.22 Kč/l",
    "package_amount": "450 ml",
    "subcategory_name": "Mléčné - Kefíry",
    "subcategory_url": "https://www.rohlik.cz/c300105007-kefiry-a-zakys"
  },
  {
    "name": "Krajanka Kefírové mléko čokoládové",
    "price": "28,90 Kč",
    "unit_price": "64.22 Kč/kg",
    "package_amount": "450 g",
    "subcategory_name": "Mléčné - Kefíry",
    "subcategory_url": "https://www.rohlik.cz/c300105007-kefiry-a-zakys"
  },
  {
    "name": "Biofarma DoRa BIO Kozí kefírek",
    "price": "33,90 Kč",
    "unit_price": "141.25 Kč/l",
    "package_amount": "240 ml",
    "subcategory_name": "Mléčné - Kefíry",
    "subcategory_url": "https://www.rohlik.cz/c300105007-kefiry-a-zakys"
  },
  {
    "name": "Agrola Jihočeský zákys jahoda",
    "price": "29,90 Kč",
    "unit_price": "90.61 Kč/kg",
    "package_amount": "330 g",
    "subcategory_name": "Mléčné - Kefíry",
    "subcategory_url": "https://www.rohlik.cz/c300105007-kefiry-a-zakys"
  },
  {
    "name": "Agrola Jihočeský zákys bílý",
    "price": "29,90 Kč",
    "unit_price": "90.61 Kč/kg",
    "package_amount": "330 g",
    "subcategory_name": "Mléčné - Kefíry",
    "subcategory_url": "https://www.rohlik.cz/c300105007-kefiry-a-zakys"
  },
  {
    "name": "Agrola Jihočeský zákys vanilka lusk",
    "price": "29,90 Kč",
    "unit_price": "90.61 Kč/kg",
    "package_amount": "330 g",
    "subcategory_name": "Mléčné - Kefíry",
    "subcategory_url": "https://www.rohlik.cz/c300105007-kefiry-a-zakys"
  },
  {
    "name": "Rohlik.cz BIO Selský kefír borůvka",
    "price": "50,90 Kč",
    "unit_price": "169.67 Kč/kg",
    "package_amount": "300 g",
    "subcategory_name": "Mléčné - Kefíry",
    "subcategory_url": "https://www.rohlik.cz/c300105007-kefiry-a-zakys"
  },
  {
    "name": "Rohlik.cz BIO Selský kefír jahoda",
    "price": "50,90 Kč",
    "unit_price": "169.67 Kč/kg",
    "package_amount": "300 g",
    "subcategory_name": "Mléčné - Kefíry",
    "subcategory_url": "https://www.rohlik.cz/c300105007-kefiry-a-zakys"
  },
  {
    "name": "Mlékárna ValMez Kefírové mléko citron a bezový květ nízkotučné",
    "price": "28,90 Kč",
    "unit_price": "64.22 Kč/l",
    "package_amount": "450 ml",
    "subcategory_name": "Mléčné - Kefíry",
    "subcategory_url": "https://www.rohlik.cz/c300105007-kefiry-a-zakys"
  },
  {
    "name": "Kozí zahrádka BIO Kefír z kozího mléka",
    "price": "44,90 Kč",
    "unit_price": "136.06 Kč/l",
    "package_amount": "330 ml",
    "subcategory_name": "Mléčné - Kefíry",
    "subcategory_url": "https://www.rohlik.cz/c300105007-kefiry-a-zakys"
  },
  {
    "name": "Actimel Kids Probiotický nápoj banán a jahoda 8×100 g",
    "price": "92,90 Kč",
    "unit_price": "116.13 Kč/kg",
    "package_amount": "0,8 kg",
    "subcategory_name": "Mléčné - Pro děti",
    "subcategory_url": "https://www.rohlik.cz/c300114403-pro-deti"
  },
  {
    "name": "Actimel Kids Probiotický nápoj broskev 8×100 g",
    "price": "92,90 Kč",
    "unit_price": "116.13 Kč/kg",
    "package_amount": "0,8 kg",
    "subcategory_name": "Mléčné - Pro děti",
    "subcategory_url": "https://www.rohlik.cz/c300114403-pro-deti"
  },
  {
    "name": "Madeta Lipánek mléko vanilkové 1,3 %",
    "price": "19,90 Kč",
    "unit_price": "79.6 Kč/l",
    "package_amount": "250 ml",
    "subcategory_name": "Mléčné - Pro děti",
    "subcategory_url": "https://www.rohlik.cz/c300114403-pro-deti"
  },
  {
    "name": "Madeta Lipánek mléko čokoládové 1,3 %",
    "price": "19,90 Kč",
    "unit_price": "79.6 Kč/l",
    "package_amount": "250 ml",
    "subcategory_name": "Mléčné - Pro děti",
    "subcategory_url": "https://www.rohlik.cz/c300114403-pro-deti"
  },
  {
    "name": "Actimel Kids Probiotický nápoj banán a jahoda 4×100 g",
    "price": "64,90 Kč",
    "unit_price": "162.25 Kč/kg",
    "package_amount": "400 g",
    "subcategory_name": "Mléčné - Pro děti",
    "subcategory_url": "https://www.rohlik.cz/c300114403-pro-deti"
  },
  {
    "name": "Alpro Sójový nápoj s čokoládovou příchutí",
    "price": "35,90 Kč",
    "unit_price": "143.6 Kč/l",
    "package_amount": "250 ml",
    "subcategory_name": "Mléčné - Pro děti",
    "subcategory_url": "https://www.rohlik.cz/c300114403-pro-deti"
  },
  {
    "name": "Madeta Lipánek mléko jahodové 1,3 %",
    "price": "19,90 Kč",
    "unit_price": "79.6 Kč/l",
    "package_amount": "250 ml",
    "subcategory_name": "Mléčné - Pro děti",
    "subcategory_url": "https://www.rohlik.cz/c300114403-pro-deti"
  },
  {
    "name": "Pribináček Sportík Bifido jahoda",
    "price": "21,90 Kč",
    "unit_price": "128.82 Kč/kg",
    "package_amount": "170 g",
    "subcategory_name": "Mléčné - Pro děti",
    "subcategory_url": "https://www.rohlik.cz/c300114403-pro-deti"
  },
  {
    "name": "Mlékárna Kunín Termix šejk s příchutí kakao",
    "price": "31,90 Kč",
    "unit_price": "106.33 Kč/kg",
    "package_amount": "300 g",
    "subcategory_name": "Mléčné - Pro děti",
    "subcategory_url": "https://www.rohlik.cz/c300114403-pro-deti"
  },
  {
    "name": "Alpro Sójový nápoj s banánovou příchutí",
    "price": "35,90 Kč",
    "unit_price": "143.6 Kč/l",
    "package_amount": "250 ml",
    "subcategory_name": "Mléčné - Pro děti",
    "subcategory_url": "https://www.rohlik.cz/c300114403-pro-deti"
  },
  {
    "name": "Pribináček Sportík Bifido vanilka",
    "price": "21,90 Kč",
    "unit_price": "128.82 Kč/kg",
    "package_amount": "170 g",
    "subcategory_name": "Mléčné - Pro děti",
    "subcategory_url": "https://www.rohlik.cz/c300114403-pro-deti"
  },
  {
    "name": "Mlékárna Kunín Termix šejk s příchutí vanilka",
    "price": "31,90 Kč",
    "unit_price": "106.33 Kč/kg",
    "package_amount": "300 g",
    "subcategory_name": "Mléčné - Pro děti",
    "subcategory_url": "https://www.rohlik.cz/c300114403-pro-deti"
  },
  {
    "name": "Madeta Lipánek mléko polotučné 1,5%",
    "price": "19,90 Kč",
    "unit_price": "79.6 Kč/l",
    "package_amount": "250 ml",
    "subcategory_name": "Mléčné - Pro děti",
    "subcategory_url": "https://www.rohlik.cz/c300114403-pro-deti"
  },
  {
    "name": "Zott Monte Drink",
    "price": "27,90 Kč",
    "unit_price": "139.5 Kč/l",
    "package_amount": "200 ml",
    "subcategory_name": "Mléčné - Pro děti",
    "subcategory_url": "https://www.rohlik.cz/c300114403-pro-deti"
  },
  {
    "name": "Mlékárna Kunín Termix šejk s příchutí pistácie",
    "price": "31,90 Kč",
    "unit_price": "106.33 Kč/kg",
    "package_amount": "300 g",
    "subcategory_name": "Mléčné - Pro děti",
    "subcategory_url": "https://www.rohlik.cz/c300114403-pro-deti"
  },
  {
    "name": "Alpro Sójový nápoj s vanilkovou příchutí",
    "price": "35,90 Kč",
    "unit_price": "143.6 Kč/l",
    "package_amount": "250 ml",
    "subcategory_name": "Mléčné - Pro děti",
    "subcategory_url": "https://www.rohlik.cz/c300114403-pro-deti"
  },
  {
    "name": "Candia Candy'up mléčný nápoj čokoládový UHT",
    "price": "35,90 Kč",
    "unit_price": "71.8 Kč/l",
    "package_amount": "500 ml",
    "subcategory_name": "Mléčné - Pro děti",
    "subcategory_url": "https://www.rohlik.cz/c300114403-pro-deti"
  },
  {
    "name": "Paturages Jogurtový nápoj mix ovocných příchutí 6×180 ml",
    "price": "108,90 Kč",
    "unit_price": "100.83 Kč/kg",
    "package_amount": "1,08 kg",
    "subcategory_name": "Mléčné - Pro děti",
    "subcategory_url": "https://www.rohlik.cz/c300114403-pro-deti"
  },
  {
    "name": "Paturages Jogurtový nápoj pro děti mix příchutí 6×100 ml",
    "price": "109,90 Kč",
    "unit_price": "183.17 Kč/l",
    "package_amount": "0,6 l",
    "subcategory_name": "Mléčné - Pro děti",
    "subcategory_url": "https://www.rohlik.cz/c300114403-pro-deti"
  },
  {
    "name": "Miil Trvanlivé polotučné mléko 1,5%, bez laktózy",
    "price": "24,90 Kč",
    "unit_price": "24.9 Kč/l",
    "package_amount": "1 l",
    "subcategory_name": "Mléčné - Trvanlivé",
    "subcategory_url": "https://www.rohlik.cz/c300105003-trvanlive"
  },
  {
    "name": "Miil Trvanlivé plnotučné mléko 3,5%",
    "price": "24,90 Kč",
    "unit_price": "24.9 Kč/l",
    "package_amount": "1 l",
    "subcategory_name": "Mléčné - Trvanlivé",
    "subcategory_url": "https://www.rohlik.cz/c300105003-trvanlive"
  },
  {
    "name": "Miil Trvanlivé polotučné mléko 1,5%",
    "price": "21,90 Kč",
    "unit_price": "21.9 Kč/l",
    "package_amount": "1 l",
    "subcategory_name": "Mléčné - Trvanlivé",
    "subcategory_url": "https://www.rohlik.cz/c300105003-trvanlive"
  },
  {
    "name": "Madeta Jihočeské mléko trvanlivé plnotučné 3,5%",
    "price": "27,90 Kč",
    "unit_price": "27.9 Kč/l",
    "package_amount": "1 l",
    "subcategory_name": "Mléčné - Trvanlivé",
    "subcategory_url": "https://www.rohlik.cz/c300105003-trvanlive"
  },
  {
    "name": "Pragolaktos Trvanlivé plnotučné mléko bez laktózy 3,5%",
    "price": "29,90 Kč",
    "unit_price": "29.9 Kč/l",
    "package_amount": "1 l",
    "subcategory_name": "Mléčné - Trvanlivé",
    "subcategory_url": "https://www.rohlik.cz/c300105003-trvanlive"
  },
  {
    "name": "Madeta Jihočeské trvanlivé polotučné mléko 1,5%",
    "price": "24,90 Kč",
    "unit_price": "24.9 Kč/l",
    "package_amount": "1 l",
    "subcategory_name": "Mléčné - Trvanlivé",
    "subcategory_url": "https://www.rohlik.cz/c300105003-trvanlive"
  },
  {
    "name": "Tatra Trvanlivé mléko polotučné 1,5 %",
    "price": "19,90 Kč",
    "unit_price": "39.8 Kč/l",
    "package_amount": "500 ml",
    "subcategory_name": "Mléčné - Trvanlivé",
    "subcategory_url": "https://www.rohlik.cz/c300105003-trvanlive"
  },
  {
    "name": "Pragolaktos Trvanlivé mléko 3,5% plnotučné",
    "price": "28,90 Kč",
    "unit_price": "28.9 Kč/l",
    "package_amount": "1 l",
    "subcategory_name": "Mléčné - Trvanlivé",
    "subcategory_url": "https://www.rohlik.cz/c300105003-trvanlive"
  },
  {
    "name": "Meggle Trvanlivé bezlaktózové mléko polotučné 1,5%",
    "price": "43,90 Kč",
    "unit_price": "43.9 Kč/l",
    "package_amount": "1 l",
    "subcategory_name": "Mléčné - Trvanlivé",
    "subcategory_url": "https://www.rohlik.cz/c300105003-trvanlive"
  },
  {
    "name": "Trvanlivé mléko odstředěné 0,3%",
    "price": "17,90 Kč",
    "unit_price": "17.9 Kč/l",
    "package_amount": "1 l",
    "subcategory_name": "Mléčné - Trvanlivé",
    "subcategory_url": "https://www.rohlik.cz/c300105003-trvanlive"
  },
  {
    "name": "Pragolaktos Trvanlivé mléko s uzávěrem 1,5% polotučné",
    "price": "24,90 Kč",
    "unit_price": "24.9 Kč/l",
    "package_amount": "1 l",
    "subcategory_name": "Mléčné - Trvanlivé",
    "subcategory_url": "https://www.rohlik.cz/c300105003-trvanlive"
  },
  {
    "name": "Meggle Trvanlivé mléko Barista 3,5%",
    "price": "62,90 Kč",
    "unit_price": "62.9 Kč/l",
    "package_amount": "1 l",
    "subcategory_name": "Mléčné - Trvanlivé",
    "subcategory_url": "https://www.rohlik.cz/c300105003-trvanlive"
  },
  {
    "name": "Meggle Trvanlivé bezlaktózové mléko plnotučné 3,5%",
    "price": "49,90 Kč",
    "unit_price": "49.9 Kč/l",
    "package_amount": "1 l",
    "subcategory_name": "Mléčné - Trvanlivé",
    "subcategory_url": "https://www.rohlik.cz/c300105003-trvanlive"
  },
  {
    "name": "Mlékárna Kunín Trvanlivé mléko odstředěné 0,5%",
    "price": "19,90 Kč",
    "unit_price": "19.9 Kč/l",
    "package_amount": "1 l",
    "subcategory_name": "Mléčné - Trvanlivé",
    "subcategory_url": "https://www.rohlik.cz/c300105003-trvanlive"
  },
  {
    "name": "Kapucín Smetana do kávy 10 %",
    "price": "55,90 Kč",
    "unit_price": "180.32 Kč/kg",
    "package_amount": "310 g",
    "subcategory_name": "Mléčné - Trvanlivé",
    "subcategory_url": "https://www.rohlik.cz/c300105003-trvanlive"
  },
  {
    "name": "Mlékárna Kunín UHT Lehké ráno mléko bez laktózy 1,5%",
    "price": "34,90 Kč",
    "unit_price": "34.9 Kč/l",
    "package_amount": "1 l",
    "subcategory_name": "Mléčné - Trvanlivé",
    "subcategory_url": "https://www.rohlik.cz/c300105003-trvanlive"
  },
  {
    "name": "Delamere Dairy Trvanlivé kozí mléko 3,5%",
    "price": "104,90 Kč",
    "unit_price": "104.9 Kč/l",
    "package_amount": "1 l",
    "subcategory_name": "Mléčné - Trvanlivé",
    "subcategory_url": "https://www.rohlik.cz/c300105003-trvanlive"
  },
  {
    "name": "Alnatura BIO Smetana do kávy",
    "price": "36,90 Kč",
    "unit_price": "223.64 Kč/kg",
    "package_amount": "165 g",
    "subcategory_name": "Mléčné - Trvanlivé",
    "subcategory_url": "https://www.rohlik.cz/c300105003-trvanlive"
  },
  {
    "name": "Milbok Double milk barista",
    "price": "99,90 Kč",
    "unit_price": "99.9 Kč/l",
    "package_amount": "1 l",
    "subcategory_name": "Mléčné - Trvanlivé",
    "subcategory_url": "https://www.rohlik.cz/c300105003-trvanlive"
  },
  {
    "name": "Granarolo UHT Mléko s nízkým obsahem laktózy 1%",
    "price": "41,90 Kč",
    "unit_price": "83.8 Kč/l",
    "package_amount": "500 ml",
    "subcategory_name": "Mléčné - Trvanlivé",
    "subcategory_url": "https://www.rohlik.cz/c300105003-trvanlive"
  },
  {
    "name": "Alnatura BIO Mléko trvanlivé plnotučné",
    "price": "57,90 Kč",
    "unit_price": "57.9 Kč/l",
    "package_amount": "1 l",
    "subcategory_name": "Mléčné - Trvanlivé",
    "subcategory_url": "https://www.rohlik.cz/c300105003-trvanlive"
  },
  {
    "name": "Alnatura BIO Mléko trvanlivé polotučné",
    "price": "53,90 Kč",
    "unit_price": "53.9 Kč/l",
    "package_amount": "1 l",
    "subcategory_name": "Mléčné - Trvanlivé",
    "subcategory_url": "https://www.rohlik.cz/c300105003-trvanlive"
  },
  {
    "name": "Actimel Kids Probiotický nápoj banán a jahoda 8×100 g",
    "price": "92,90 Kč",
    "unit_price": "116.13 Kč/kg",
    "package_amount": "0,8 kg",
    "subcategory_name": "Mléčné - Jogurtové nápoje",
    "subcategory_url": "https://www.rohlik.cz/c300105005-mlecne-a-jogurtove-napoje"
  },
  {
    "name": "Actimel Probiotický nápoj bílý 8×100 g",
    "price": "125,90 Kč",
    "unit_price": "157.38 Kč/kg",
    "package_amount": "0,8 kg",
    "subcategory_name": "Mléčné - Jogurtové nápoje",
    "subcategory_url": "https://www.rohlik.cz/c300105005-mlecne-a-jogurtove-napoje"
  },
  {
    "name": "Haydi Ayran jogurtový nápoj",
    "price": "14,50 Kč",
    "unit_price": "58 Kč/l",
    "package_amount": "250 ml",
    "subcategory_name": "Mléčné - Jogurtové nápoje",
    "subcategory_url": "https://www.rohlik.cz/c300105005-mlecne-a-jogurtove-napoje"
  },
  {
    "name": "Actimel Probiotický nápoj jahoda 8×100 g",
    "price": "125,90 Kč",
    "unit_price": "157.38 Kč/kg",
    "package_amount": "0,8 kg",
    "subcategory_name": "Mléčné - Jogurtové nápoje",
    "subcategory_url": "https://www.rohlik.cz/c300105005-mlecne-a-jogurtove-napoje"
  },
  {
    "name": "Müllermilch Mléčný nápoj banán",
    "price": "31,90 Kč",
    "unit_price": "79.75 Kč/kg",
    "package_amount": "400 g",
    "subcategory_name": "Mléčné - Jogurtové nápoje",
    "subcategory_url": "https://www.rohlik.cz/c300105005-mlecne-a-jogurtove-napoje"
  },
  {
    "name": "Müllermilch Mléčný nápoj čokoláda",
    "price": "31,90 Kč",
    "unit_price": "79.75 Kč/kg",
    "package_amount": "400 g",
    "subcategory_name": "Mléčné - Jogurtové nápoje",
    "subcategory_url": "https://www.rohlik.cz/c300105005-mlecne-a-jogurtove-napoje"
  },
  {
    "name": "Olma High protein mléko",
    "price": "42,90 Kč",
    "unit_price": "42.9 Kč/l",
    "package_amount": "1 l",
    "subcategory_name": "Mléčné - Jogurtové nápoje",
    "subcategory_url": "https://www.rohlik.cz/c300105005-mlecne-a-jogurtove-napoje"
  },
  {
    "name": "Zott Protein drink vanilka",
    "price": "29,90 Kč",
    "unit_price": "119.6 Kč/l",
    "package_amount": "250 ml",
    "subcategory_name": "Mléčné - Jogurtové nápoje",
    "subcategory_url": "https://www.rohlik.cz/c300105005-mlecne-a-jogurtove-napoje"
  },
  {
    "name": "Activia Probiotický jogurtový nápoj lesní plody",
    "price": "32,90 Kč",
    "unit_price": "117.5 Kč/kg",
    "package_amount": "280 g",
    "subcategory_name": "Mléčné - Jogurtové nápoje",
    "subcategory_url": "https://www.rohlik.cz/c300105005-mlecne-a-jogurtove-napoje"
  },
  {
    "name": "Zott Protein drink čokoláda",
    "price": "29,90 Kč",
    "unit_price": "119.6 Kč/l",
    "package_amount": "250 ml",
    "subcategory_name": "Mléčné - Jogurtové nápoje",
    "subcategory_url": "https://www.rohlik.cz/c300105005-mlecne-a-jogurtove-napoje"
  },
  {
    "name": "Müllermilch Mléčný nápoj jahoda",
    "price": "31,90 Kč",
    "unit_price": "79.75 Kč/kg",
    "package_amount": "400 g",
    "subcategory_name": "Mléčné - Jogurtové nápoje",
    "subcategory_url": "https://www.rohlik.cz/c300105005-mlecne-a-jogurtove-napoje"
  },
  {
    "name": "Hollandia BIO BiFi Jogurtový drink mango a ananas",
    "price": "29,90 Kč",
    "unit_price": "130 Kč/l",
    "package_amount": "230 ml",
    "subcategory_name": "Mléčné - Jogurtové nápoje",
    "subcategory_url": "https://www.rohlik.cz/c300105005-mlecne-a-jogurtove-napoje"
  },
  {
    "name": "Activia Probiotický jogurtový nápoj jahoda a cereálie",
    "price": "32,90 Kč",
    "unit_price": "121.85 Kč/kg",
    "package_amount": "270 g",
    "subcategory_name": "Mléčné - Jogurtové nápoje",
    "subcategory_url": "https://www.rohlik.cz/c300105005-mlecne-a-jogurtove-napoje"
  },
  {
    "name": "Hollandia BIO BiFi Jogurtový drink jahoda s mátou",
    "price": "29,90 Kč",
    "unit_price": "130 Kč/l",
    "package_amount": "230 ml",
    "subcategory_name": "Mléčné - Jogurtové nápoje",
    "subcategory_url": "https://www.rohlik.cz/c300105005-mlecne-a-jogurtove-napoje"
  },
  {
    "name": "Activia Probiotický jogurtový nápoj mango a banán bez přidaného cukru",
    "price": "32,90 Kč",
    "unit_price": "121.85 Kč/kg",
    "package_amount": "270 g",
    "subcategory_name": "Mléčné - Jogurtové nápoje",
    "subcategory_url": "https://www.rohlik.cz/c300105005-mlecne-a-jogurtove-napoje"
  },
  {
    "name": "Müllermilch Mléčný nápoj s pistáciovo-kokosovou příchutí",
    "price": "31,90 Kč",
    "unit_price": "79.75 Kč/kg",
    "package_amount": "400 g",
    "subcategory_name": "Mléčné - Jogurtové nápoje",
    "subcategory_url": "https://www.rohlik.cz/c300105005-mlecne-a-jogurtove-napoje"
  },
  {
    "name": "Müllermilch Protein čoko-banán",
    "price": "44,90 Kč",
    "unit_price": "112.25 Kč/kg",
    "package_amount": "400 g",
    "subcategory_name": "Mléčné - Jogurtové nápoje",
    "subcategory_url": "https://www.rohlik.cz/c300105005-mlecne-a-jogurtove-napoje"
  },
  {
    "name": "Zott Protein drink cookies cream",
    "price": "29,90 Kč",
    "unit_price": "119.6 Kč/l",
    "package_amount": "250 ml",
    "subcategory_name": "Mléčné - Jogurtové nápoje",
    "subcategory_url": "https://www.rohlik.cz/c300105005-mlecne-a-jogurtove-napoje"
  },
  {
    "name": "Actimel Kids Probiotický nápoj broskev 8×100 g",
    "price": "92,90 Kč",
    "unit_price": "116.13 Kč/kg",
    "package_amount": "0,8 kg",
    "subcategory_name": "Mléčné - Jogurtové nápoje",
    "subcategory_url": "https://www.rohlik.cz/c300105005-mlecne-a-jogurtove-napoje"
  },
  {
    "name": "Activia Probiotický jogurtový nápoj borůvka",
    "price": "32,90 Kč",
    "unit_price": "117.5 Kč/kg",
    "package_amount": "280 g",
    "subcategory_name": "Mléčné - Jogurtové nápoje",
    "subcategory_url": "https://www.rohlik.cz/c300105005-mlecne-a-jogurtove-napoje"
  },
  {
    "name": "Activia probiotický jogurtový nápoj bílý",
    "price": "32,90 Kč",
    "unit_price": "117.5 Kč/kg",
    "package_amount": "280 g",
    "subcategory_name": "Mléčné - Jogurtové nápoje",
    "subcategory_url": "https://www.rohlik.cz/c300105005-mlecne-a-jogurtove-napoje"
  },
  {
    "name": "Activia Probiotický jogurtový nápoj jablko, třešeň a banán bez přidaného cukru",
    "price": "32,90 Kč",
    "unit_price": "121.85 Kč/kg",
    "package_amount": "270 g",
    "subcategory_name": "Mléčné - Jogurtové nápoje",
    "subcategory_url": "https://www.rohlik.cz/c300105005-mlecne-a-jogurtove-napoje"
  },
  {
    "name": "Activia Probiotický jogurtový nápoj broskev, ananas a banán bez přidaného cukru",
    "price": "32,90 Kč",
    "unit_price": "121.85 Kč/kg",
    "package_amount": "270 g",
    "subcategory_name": "Mléčné - Jogurtové nápoje",
    "subcategory_url": "https://www.rohlik.cz/c300105005-mlecne-a-jogurtove-napoje"
  },
  {
    "name": "Zott Protein drink slaný karamel",
    "price": "29,90 Kč",
    "unit_price": "119.6 Kč/l",
    "package_amount": "250 ml",
    "subcategory_name": "Mléčné - Jogurtové nápoje",
    "subcategory_url": "https://www.rohlik.cz/c300105005-mlecne-a-jogurtove-napoje"
  },
  {
    "name": "Activia Probiotický jogurtový nápoj jahoda a kiwi",
    "price": "32,90 Kč",
    "unit_price": "117.5 Kč/kg",
    "package_amount": "280 g",
    "subcategory_name": "Mléčné - Jogurtové nápoje",
    "subcategory_url": "https://www.rohlik.cz/c300105005-mlecne-a-jogurtove-napoje"
  },
  {
    "name": "Activia Probiotický jogurtový nápoj malina a granátové jablko",
    "price": "32,90 Kč",
    "unit_price": "117.5 Kč/kg",
    "package_amount": "280 g",
    "subcategory_name": "Mléčné - Jogurtové nápoje",
    "subcategory_url": "https://www.rohlik.cz/c300105005-mlecne-a-jogurtove-napoje"
  },
  {
    "name": "Actimel Probiotický nápoj lesní plody 8×100 g",
    "price": "125,90 Kč",
    "unit_price": "157.38 Kč/kg",
    "package_amount": "0,8 kg",
    "subcategory_name": "Mléčné - Jogurtové nápoje",
    "subcategory_url": "https://www.rohlik.cz/c300105005-mlecne-a-jogurtove-napoje"
  },
  {
    "name": "Vilgain Protein milkshake vanilka",
    "price": "69,90 Kč",
    "unit_price": "211.82 Kč/l",
    "package_amount": "330 ml",
    "subcategory_name": "Mléčné - Jogurtové nápoje",
    "subcategory_url": "https://www.rohlik.cz/c300105005-mlecne-a-jogurtove-napoje"
  },
  {
    "name": "Müllermilch Mléčný nápoj Dubai chocolate style",
    "price": "39,90 Kč",
    "unit_price": "99.75 Kč/kg",
    "package_amount": "400 g",
    "subcategory_name": "Mléčné - Jogurtové nápoje",
    "subcategory_url": "https://www.rohlik.cz/c300105005-mlecne-a-jogurtove-napoje"
  },
  {
    "name": "Alnatura BIO Mango Lassi jogurtový nápoj",
    "price": "39,90 Kč",
    "unit_price": "173.48 Kč/l",
    "package_amount": "230 ml",
    "subcategory_name": "Mléčné - Jogurtové nápoje",
    "subcategory_url": "https://www.rohlik.cz/c300105005-mlecne-a-jogurtove-napoje"
  },
  {
    "name": "Activia Probiotický jogurtový nápoj mango a len",
    "price": "32,90 Kč",
    "unit_price": "121.85 Kč/kg",
    "package_amount": "270 g",
    "subcategory_name": "Mléčné - Jogurtové nápoje",
    "subcategory_url": "https://www.rohlik.cz/c300105005-mlecne-a-jogurtove-napoje"
  },
  {
    "name": "Hochwald Eiskaffee ledová káva",
    "price": "34,90 Kč",
    "unit_price": "69.8 Kč/l",
    "package_amount": "500 ml",
    "subcategory_name": "Mléčné - Jogurtové nápoje",
    "subcategory_url": "https://www.rohlik.cz/c300105005-mlecne-a-jogurtove-napoje"
  },
  {
    "name": "Activia Probiotický jogurtový nápoj cereálie",
    "price": "32,90 Kč",
    "unit_price": "121.85 Kč/kg",
    "package_amount": "270 g",
    "subcategory_name": "Mléčné - Jogurtové nápoje",
    "subcategory_url": "https://www.rohlik.cz/c300105005-mlecne-a-jogurtove-napoje"
  },
  {
    "name": "Ehrmann Daily fit jahoda",
    "price": "90,90 Kč",
    "unit_price": "151.5 Kč/kg",
    "package_amount": "0,6 kg",
    "subcategory_name": "Mléčné - Jogurtové nápoje",
    "subcategory_url": "https://www.rohlik.cz/c300105005-mlecne-a-jogurtove-napoje"
  },
  {
    "name": "Hollandia Balance smoothie broskev, meruňka, rakytník",
    "price": "31,90 Kč",
    "unit_price": "138.7 Kč/kg",
    "package_amount": "230 g",
    "subcategory_name": "Mléčné - Jogurtové nápoje",
    "subcategory_url": "https://www.rohlik.cz/c300105005-mlecne-a-jogurtove-napoje"
  },
  {
    "name": "Vilgain Protein milkshake čokoláda",
    "price": "69,90 Kč",
    "unit_price": "211.82 Kč/l",
    "package_amount": "330 ml",
    "subcategory_name": "Mléčné - Jogurtové nápoje",
    "subcategory_url": "https://www.rohlik.cz/c300105005-mlecne-a-jogurtove-napoje"
  },
  {
    "name": "Mlékárna Řetová Sloupnické jogurtové A2 mléko",
    "price": "43,70 Kč",
    "unit_price": "87.4 Kč/l",
    "package_amount": "500 ml",
    "subcategory_name": "Mléčné - Jogurtové nápoje",
    "subcategory_url": "https://www.rohlik.cz/c300105005-mlecne-a-jogurtove-napoje"
  },
  {
    "name": "Actimel Probiotický jogurtový nápoj jahoda a granátové jablko 8×100 g",
    "price": "139,90 Kč",
    "unit_price": "174.88 Kč/kg",
    "package_amount": "0,8 kg",
    "subcategory_name": "Mléčné - Jogurtové nápoje",
    "subcategory_url": "https://www.rohlik.cz/c300105005-mlecne-a-jogurtove-napoje"
  },
  {
    "name": "Actimel Kids Probiotický nápoj banán a jahoda 4×100 g",
    "price": "64,90 Kč",
    "unit_price": "162.25 Kč/kg",
    "package_amount": "400 g",
    "subcategory_name": "Mléčné - Jogurtové nápoje",
    "subcategory_url": "https://www.rohlik.cz/c300105005-mlecne-a-jogurtove-napoje"
  },
  {
    "name": "Müllermilch Shake s jahodovou příchutí",
    "price": "39,90 Kč",
    "unit_price": "99.75 Kč/kg",
    "package_amount": "400 g",
    "subcategory_name": "Mléčné - Jogurtové nápoje",
    "subcategory_url": "https://www.rohlik.cz/c300105005-mlecne-a-jogurtove-napoje"
  },
  {
    "name": "Danone YoPRO Proteinový jogurtový nápoj jahoda a malina",
    "price": "29,90 Kč",
    "unit_price": "99.67 Kč/kg",
    "package_amount": "300 g",
    "subcategory_name": "Mléčné - Jogurtové nápoje",
    "subcategory_url": "https://www.rohlik.cz/c300105005-mlecne-a-jogurtove-napoje"
  },
  {
    "name": "Müllermilch Zero mléčný nápoj čokoláda bez přidaného cukru",
    "price": "31,90 Kč",
    "unit_price": "79.75 Kč/kg",
    "package_amount": "400 g",
    "subcategory_name": "Mléčné - Jogurtové nápoje",
    "subcategory_url": "https://www.rohlik.cz/c300105005-mlecne-a-jogurtove-napoje"
  },
  {
    "name": "Actimel Probiotický jogurtový nápoj borůvka a ostružina 8×100 g",
    "price": "139,90 Kč",
    "unit_price": "174.88 Kč/kg",
    "package_amount": "0,8 kg",
    "subcategory_name": "Mléčné - Jogurtové nápoje",
    "subcategory_url": "https://www.rohlik.cz/c300105005-mlecne-a-jogurtove-napoje"
  },
  {
    "name": "Farma rodiny Němcovy Francimel probiotický nápoj s jahodami",
    "price": "74,90 Kč",
    "unit_price": "74.9 Kč/l",
    "package_amount": "1 l",
    "subcategory_name": "Mléčné - Jogurtové nápoje",
    "subcategory_url": "https://www.rohlik.cz/c300105005-mlecne-a-jogurtove-napoje"
  },
  {
    "name": "Coffeenek Ledová káva skořice",
    "price": "63,20 Kč",
    "unit_price": "191.52 Kč/l",
    "package_amount": "330 ml",
    "subcategory_name": "Mléčné - Jogurtové nápoje",
    "subcategory_url": "https://www.rohlik.cz/c300105005-mlecne-a-jogurtove-napoje"
  },
  {
    "name": "Olma Florian jogurtový nápoj jahodový",
    "price": "31,90 Kč",
    "unit_price": "79.75 Kč/kg",
    "package_amount": "400 g",
    "subcategory_name": "Mléčné - Jogurtové nápoje",
    "subcategory_url": "https://www.rohlik.cz/c300105005-mlecne-a-jogurtove-napoje"
  },
  {
    "name": "Coffeenek Ledová káva natural",
    "price": "63,20 Kč",
    "unit_price": "191.52 Kč/l",
    "package_amount": "330 ml",
    "subcategory_name": "Mléčné - Jogurtové nápoje",
    "subcategory_url": "https://www.rohlik.cz/c300105005-mlecne-a-jogurtove-napoje"
  },
  {
    "name": "Actimel Probiotický nápoj bez přidaného cukru jahoda 4×100 g",
    "price": "77,90 Kč",
    "unit_price": "194.75 Kč/kg",
    "package_amount": "400 g",
    "subcategory_name": "Mléčné - Jogurtové nápoje",
    "subcategory_url": "https://www.rohlik.cz/c300105005-mlecne-a-jogurtove-napoje"
  },
  {
    "name": "Olma High protein nápoj mango a maracuja",
    "price": "31,90 Kč",
    "unit_price": "99.69 Kč/l",
    "package_amount": "320 ml",
    "subcategory_name": "Mléčné - Jogurtové nápoje",
    "subcategory_url": "https://www.rohlik.cz/c300105005-mlecne-a-jogurtove-napoje"
  },
  {
    "name": "Olma High protein nápoj jahoda",
    "price": "31,90 Kč",
    "unit_price": "99.69 Kč/l",
    "package_amount": "320 ml",
    "subcategory_name": "Mléčné - Jogurtové nápoje",
    "subcategory_url": "https://www.rohlik.cz/c300105005-mlecne-a-jogurtove-napoje"
  },
  {
    "name": "Farma rodiny Němcovy Francimel probiotický nápoj s borůvkami",
    "price": "74,90 Kč",
    "unit_price": "74.9 Kč/l",
    "package_amount": "1 l",
    "subcategory_name": "Mléčné - Jogurtové nápoje",
    "subcategory_url": "https://www.rohlik.cz/c300105005-mlecne-a-jogurtove-napoje"
  },
  {
    "name": "Hollandia Balance jogurtové smoothie banán, jablko, pomeranč",
    "price": "31,90 Kč",
    "unit_price": "138.7 Kč/kg",
    "package_amount": "230 g",
    "subcategory_name": "Mléčné - Jogurtové nápoje",
    "subcategory_url": "https://www.rohlik.cz/c300105005-mlecne-a-jogurtove-napoje"
  },
  {
    "name": "Zott Monte Drink",
    "price": "27,90 Kč",
    "unit_price": "139.5 Kč/l",
    "package_amount": "200 ml",
    "subcategory_name": "Mléčné - Jogurtové nápoje",
    "subcategory_url": "https://www.rohlik.cz/c300105005-mlecne-a-jogurtove-napoje"
  },
  {
    "name": "Danone YoPRO Proteinový jogurtový nápoj stracciatella",
    "price": "29,90 Kč",
    "unit_price": "99.67 Kč/kg",
    "package_amount": "300 g",
    "subcategory_name": "Mléčné - Jogurtové nápoje",
    "subcategory_url": "https://www.rohlik.cz/c300105005-mlecne-a-jogurtove-napoje"
  },
  {
    "name": "Rodopi Ayran jogurtový mléčnokysaný nápoj",
    "price": "49,90 Kč",
    "unit_price": "99.8 Kč/l",
    "package_amount": "500 ml",
    "subcategory_name": "Mléčné - Jogurtové nápoje",
    "subcategory_url": "https://www.rohlik.cz/c300105005-mlecne-a-jogurtove-napoje"
  },
  {
    "name": "Farma rodiny Němcovy Francimel probiotický nápoj neslazený",
    "price": "72,90 Kč",
    "unit_price": "72.9 Kč/l",
    "package_amount": "1 l",
    "subcategory_name": "Mléčné - Jogurtové nápoje",
    "subcategory_url": "https://www.rohlik.cz/c300105005-mlecne-a-jogurtove-napoje"
  },
  {
    "name": "Hochwald Eiskaffee light ledová káva",
    "price": "35,90 Kč",
    "unit_price": "71.8 Kč/l",
    "package_amount": "500 ml",
    "subcategory_name": "Mléčné - Jogurtové nápoje",
    "subcategory_url": "https://www.rohlik.cz/c300105005-mlecne-a-jogurtove-napoje"
  },
  {
    "name": "Danone YoPRO Proteinový mléčný nápoj čokoláda",
    "price": "29,90 Kč",
    "unit_price": "119.6 Kč/l",
    "package_amount": "250 ml",
    "subcategory_name": "Mléčné - Jogurtové nápoje",
    "subcategory_url": "https://www.rohlik.cz/c300105005-mlecne-a-jogurtove-napoje"
  },
  {
    "name": "Mlékárna Ohaře Zákys",
    "price": "38,80 Kč",
    "unit_price": "77.6 Kč/l",
    "package_amount": "500 ml",
    "subcategory_name": "Mléčné - Jogurtové nápoje",
    "subcategory_url": "https://www.rohlik.cz/c300105005-mlecne-a-jogurtove-napoje"
  },
  {
    "name": "Mlékárna Ohaře Zákys meruňkový",
    "price": "43,70 Kč",
    "unit_price": "87.4 Kč/l",
    "package_amount": "500 ml",
    "subcategory_name": "Mléčné - Jogurtové nápoje",
    "subcategory_url": "https://www.rohlik.cz/c300105005-mlecne-a-jogurtove-napoje"
  },
  {
    "name": "Mlékárna Řetová Sloupnické jogurtové A2 mléko jahodové",
    "price": "48,50 Kč",
    "unit_price": "97 Kč/l",
    "package_amount": "500 ml",
    "subcategory_name": "Mléčné - Jogurtové nápoje",
    "subcategory_url": "https://www.rohlik.cz/c300105005-mlecne-a-jogurtove-napoje"
  },
  {
    "name": "Actimel Kids Probiotický nápoj vanilka 4×100 g",
    "price": "64,90 Kč",
    "unit_price": "162.25 Kč/kg",
    "package_amount": "400 g",
    "subcategory_name": "Mléčné - Jogurtové nápoje",
    "subcategory_url": "https://www.rohlik.cz/c300105005-mlecne-a-jogurtove-napoje"
  },
  {
    "name": "Actimel Probiotický nápoj bílý 4×100 g",
    "price": "77,90 Kč",
    "unit_price": "194.75 Kč/kg",
    "package_amount": "400 g",
    "subcategory_name": "Mléčné - Jogurtové nápoje",
    "subcategory_url": "https://www.rohlik.cz/c300105005-mlecne-a-jogurtove-napoje"
  },
  {
    "name": "Danone YoPRO Proteinový mléčný nápoj vanilka",
    "price": "29,90 Kč",
    "unit_price": "119.6 Kč/l",
    "package_amount": "250 ml",
    "subcategory_name": "Mléčné - Jogurtové nápoje",
    "subcategory_url": "https://www.rohlik.cz/c300105005-mlecne-a-jogurtove-napoje"
  },
  {
    "name": "Actimel Probiotický nápoj jahoda 4×100 g",
    "price": "77,90 Kč",
    "unit_price": "194.75 Kč/kg",
    "package_amount": "400 g",
    "subcategory_name": "Mléčné - Jogurtové nápoje",
    "subcategory_url": "https://www.rohlik.cz/c300105005-mlecne-a-jogurtove-napoje"
  },
  {
    "name": "Farma rodiny Němcovy Francimel probiotický nápoj s jahodami",
    "price": "39,90 Kč",
    "unit_price": "199.5 Kč/l",
    "package_amount": "200 ml",
    "subcategory_name": "Mléčné - Jogurtové nápoje",
    "subcategory_url": "https://www.rohlik.cz/c300105005-mlecne-a-jogurtove-napoje"
  },
  {
    "name": "Starbucks Skinny latte",
    "price": "69,90 Kč",
    "unit_price": "317.73 Kč/l",
    "package_amount": "220 ml",
    "subcategory_name": "Mléčné - Jogurtové nápoje",
    "subcategory_url": "https://www.rohlik.cz/c300105005-mlecne-a-jogurtove-napoje"
  },
  {
    "name": "Hochwald Eisschoko ledová čokoláda",
    "price": "34,90 Kč",
    "unit_price": "69.8 Kč/l",
    "package_amount": "500 ml",
    "subcategory_name": "Mléčné - Jogurtové nápoje",
    "subcategory_url": "https://www.rohlik.cz/c300105005-mlecne-a-jogurtove-napoje"
  },
  {
    "name": "Ehrmann High Protein nápoj Banán",
    "price": "46,90 Kč",
    "unit_price": "187.6 Kč/l",
    "package_amount": "250 ml",
    "subcategory_name": "Mléčné - Jogurtové nápoje",
    "subcategory_url": "https://www.rohlik.cz/c300105005-mlecne-a-jogurtove-napoje"
  },
  {
    "name": "Milka Čokoládový nápoj",
    "price": "49,90 Kč",
    "unit_price": "199.6 Kč/l",
    "package_amount": "250 ml",
    "subcategory_name": "Mléčné - Jogurtové nápoje",
    "subcategory_url": "https://www.rohlik.cz/c300105005-mlecne-a-jogurtove-napoje"
  },
  {
    "name": "Zott Hungry? Drink This! Nápoj s jahodovou příchutí",
    "price": "104,90 Kč",
    "unit_price": "209.8 Kč/l",
    "package_amount": "500 ml",
    "subcategory_name": "Mléčné - Jogurtové nápoje",
    "subcategory_url": "https://www.rohlik.cz/c300105005-mlecne-a-jogurtove-napoje"
  },
  {
    "name": "Moravia Ayran jogurtový nápoj",
    "price": "18,90 Kč",
    "unit_price": "105 Kč/kg",
    "package_amount": "180 g",
    "subcategory_name": "Mléčné - Jogurtové nápoje",
    "subcategory_url": "https://www.rohlik.cz/c300105005-mlecne-a-jogurtove-napoje"
  },
  {
    "name": "Parmalat Macchiato",
    "price": "29,90 Kč",
    "unit_price": "149.5 Kč/l",
    "package_amount": "200 ml",
    "subcategory_name": "Mléčné - Jogurtové nápoje",
    "subcategory_url": "https://www.rohlik.cz/c300105005-mlecne-a-jogurtove-napoje"
  },
  {
    "name": "Ehrmann High Protein nápoj Čokoláda",
    "price": "46,90 Kč",
    "unit_price": "187.6 Kč/l",
    "package_amount": "250 ml",
    "subcategory_name": "Mléčné - Jogurtové nápoje",
    "subcategory_url": "https://www.rohlik.cz/c300105005-mlecne-a-jogurtove-napoje"
  },
  {
    "name": "Ehrmann High Protein caffè latte classic",
    "price": "54,90 Kč",
    "unit_price": "219.6 Kč/l",
    "package_amount": "250 ml",
    "subcategory_name": "Mléčné - Jogurtové nápoje",
    "subcategory_url": "https://www.rohlik.cz/c300105005-mlecne-a-jogurtove-napoje"
  },
  {
    "name": "Actimel Probiotický jogurtový nápoj fruit sensation bez přidaného cukru 4×100 g",
    "price": "77,90 Kč",
    "unit_price": "194.75 Kč/kg",
    "package_amount": "400 g",
    "subcategory_name": "Mléčné - Jogurtové nápoje",
    "subcategory_url": "https://www.rohlik.cz/c300105005-mlecne-a-jogurtove-napoje"
  },
  {
    "name": "Parmalat Cappuccino",
    "price": "29,90 Kč",
    "unit_price": "149.5 Kč/l",
    "package_amount": "200 ml",
    "subcategory_name": "Mléčné - Jogurtové nápoje",
    "subcategory_url": "https://www.rohlik.cz/c300105005-mlecne-a-jogurtove-napoje"
  },
  {
    "name": "Vilgain Protein milkshake kokos",
    "price": "69,90 Kč",
    "unit_price": "211.82 Kč/l",
    "package_amount": "330 ml",
    "subcategory_name": "Mléčné - Jogurtové nápoje",
    "subcategory_url": "https://www.rohlik.cz/c300105005-mlecne-a-jogurtove-napoje"
  },
  {
    "name": "Zott Hungry? Drink This! Nápoj s vanilkovou příchutí",
    "price": "104,90 Kč",
    "unit_price": "209.8 Kč/l",
    "package_amount": "500 ml",
    "subcategory_name": "Mléčné - Jogurtové nápoje",
    "subcategory_url": "https://www.rohlik.cz/c300105005-mlecne-a-jogurtove-napoje"
  },
  {
    "name": "Actimel Probiotický jogurtový nápoj jahoda a granátové jablko 4×100 g",
    "price": "84,90 Kč",
    "unit_price": "212.25 Kč/kg",
    "package_amount": "400 g",
    "subcategory_name": "Mléčné - Jogurtové nápoje",
    "subcategory_url": "https://www.rohlik.cz/c300105005-mlecne-a-jogurtove-napoje"
  },
  {
    "name": "Starbucks Cappuccino",
    "price": "69,90 Kč",
    "unit_price": "317.73 Kč/l",
    "package_amount": "220 ml",
    "subcategory_name": "Mléčné - Jogurtové nápoje",
    "subcategory_url": "https://www.rohlik.cz/c300105005-mlecne-a-jogurtove-napoje"
  },
  {
    "name": "Zott Hungry? Drink This! Nápoj s čokoládovou příchutí",
    "price": "104,90 Kč",
    "unit_price": "209.8 Kč/l",
    "package_amount": "500 ml",
    "subcategory_name": "Mléčné - Jogurtové nápoje",
    "subcategory_url": "https://www.rohlik.cz/c300105005-mlecne-a-jogurtove-napoje"
  },
  {
    "name": "Actimel Probiotický jogurtový nápoj borůvka a ostružina 4×100 g",
    "price": "84,90 Kč",
    "unit_price": "212.25 Kč/kg",
    "package_amount": "400 g",
    "subcategory_name": "Mléčné - Jogurtové nápoje",
    "subcategory_url": "https://www.rohlik.cz/c300105005-mlecne-a-jogurtove-napoje"
  },
  {
    "name": "Ehrmann High Protein caffè latte caramel style",
    "price": "54,90 Kč",
    "unit_price": "219.6 Kč/l",
    "package_amount": "250 ml",
    "subcategory_name": "Mléčné - Jogurtové nápoje",
    "subcategory_url": "https://www.rohlik.cz/c300105005-mlecne-a-jogurtove-napoje"
  },
  {
    "name": "Ehrmann High Protein nápoj Pistácie",
    "price": "46,90 Kč",
    "unit_price": "187.6 Kč/l",
    "package_amount": "250 ml",
    "subcategory_name": "Mléčné - Jogurtové nápoje",
    "subcategory_url": "https://www.rohlik.cz/c300105005-mlecne-a-jogurtove-napoje"
  },
  {
    "name": "Alnatura BIO Malina Lassi jogurtový nápoj",
    "price": "42,90 Kč",
    "unit_price": "186.52 Kč/l",
    "package_amount": "230 ml",
    "subcategory_name": "Mléčné - Jogurtové nápoje",
    "subcategory_url": "https://www.rohlik.cz/c300105005-mlecne-a-jogurtove-napoje"
  },
  {
    "name": "Danone Zakysaný jogurtový nápoj jahoda a banán",
    "price": "32,90 Kč",
    "unit_price": "113.45 Kč/kg",
    "package_amount": "290 g",
    "subcategory_name": "Mléčné - Jogurtové nápoje",
    "subcategory_url": "https://www.rohlik.cz/c300105005-mlecne-a-jogurtove-napoje"
  },
  {
    "name": "Mr. Brown Classic Nápoj s kávovým extraktem a mlékem",
    "price": "58,90 Kč",
    "unit_price": "245.42 Kč/l",
    "package_amount": "240 ml",
    "subcategory_name": "Mléčné - Jogurtové nápoje",
    "subcategory_url": "https://www.rohlik.cz/c300105005-mlecne-a-jogurtove-napoje"
  },
  {
    "name": "Starbucks Frappuccino vanilla",
    "price": "84,90 Kč",
    "unit_price": "339.6 Kč/l",
    "package_amount": "250 ml",
    "subcategory_name": "Mléčné - Jogurtové nápoje",
    "subcategory_url": "https://www.rohlik.cz/c300105005-mlecne-a-jogurtove-napoje"
  },
  {
    "name": "GymBeam MoiMüv Protein Milkshake vanilka",
    "price": "51,90 Kč",
    "unit_price": "207.6 Kč/l",
    "package_amount": "250 ml",
    "subcategory_name": "Mléčné - Jogurtové nápoje",
    "subcategory_url": "https://www.rohlik.cz/c300105005-mlecne-a-jogurtove-napoje"
  },
  {
    "name": "Ekofarma Javorník BIO Jogurtové mléko jahoda",
    "price": "42,90 Kč",
    "unit_price": "171.6 Kč/kg",
    "package_amount": "250 g",
    "subcategory_name": "Mléčné - Jogurtové nápoje",
    "subcategory_url": "https://www.rohlik.cz/c300105005-mlecne-a-jogurtove-napoje"
  },
  {
    "name": "Starbucks Caffe latte",
    "price": "78,80 Kč",
    "unit_price": "358.18 Kč/l",
    "package_amount": "220 ml",
    "subcategory_name": "Mléčné - Jogurtové nápoje",
    "subcategory_url": "https://www.rohlik.cz/c300105005-mlecne-a-jogurtove-napoje"
  },
  {
    "name": "Rico Bubble milk tea nápoj s hnědým cukrem",
    "price": "39,90 Kč",
    "unit_price": "117.35 Kč/l",
    "package_amount": "340 ml",
    "subcategory_name": "Mléčné - Jogurtové nápoje",
    "subcategory_url": "https://www.rohlik.cz/c300105005-mlecne-a-jogurtove-napoje"
  },
  {
    "name": "Parmalat Espresso",
    "price": "29,90 Kč",
    "unit_price": "149.5 Kč/l",
    "package_amount": "200 ml",
    "subcategory_name": "Mléčné - Jogurtové nápoje",
    "subcategory_url": "https://www.rohlik.cz/c300105005-mlecne-a-jogurtove-napoje"
  },
  {
    "name": "Ekofarma Javorník BIO Jogurtové mléko vanilka",
    "price": "39,90 Kč",
    "unit_price": "159.6 Kč/kg",
    "package_amount": "250 g",
    "subcategory_name": "Mléčné - Jogurtové nápoje",
    "subcategory_url": "https://www.rohlik.cz/c300105005-mlecne-a-jogurtove-napoje"
  },
  {
    "name": "Biofarma DoRa Jogurtové kozí mléko ochucené jahoda",
    "price": "52,90 Kč",
    "unit_price": "117.56 Kč/kg",
    "package_amount": "450 g",
    "subcategory_name": "Mléčné - Jogurtové nápoje",
    "subcategory_url": "https://www.rohlik.cz/c300105005-mlecne-a-jogurtove-napoje"
  },
  {
    "name": "Farma rodiny Němcovy Francimel probiotický nápoj s višněmi",
    "price": "35,90 Kč",
    "unit_price": "179.5 Kč/l",
    "package_amount": "200 ml",
    "subcategory_name": "Mléčné - Jogurtové nápoje",
    "subcategory_url": "https://www.rohlik.cz/c300105005-mlecne-a-jogurtove-napoje"
  },
  {
    "name": "Starbucks Caramel macchiato",
    "price": "74,90 Kč",
    "unit_price": "340.45 Kč/l",
    "package_amount": "220 ml",
    "subcategory_name": "Mléčné - Jogurtové nápoje",
    "subcategory_url": "https://www.rohlik.cz/c300105005-mlecne-a-jogurtove-napoje"
  },
  {
    "name": "Rico Bubble milk tea nápoj",
    "price": "39,90 Kč",
    "unit_price": "117.35 Kč/l",
    "package_amount": "340 ml",
    "subcategory_name": "Mléčné - Jogurtové nápoje",
    "subcategory_url": "https://www.rohlik.cz/c300105005-mlecne-a-jogurtove-napoje"
  },
  {
    "name": "Candia Candy'up mléčný nápoj čokoládový UHT",
    "price": "35,90 Kč",
    "unit_price": "71.8 Kč/l",
    "package_amount": "500 ml",
    "subcategory_name": "Mléčné - Jogurtové nápoje",
    "subcategory_url": "https://www.rohlik.cz/c300105005-mlecne-a-jogurtove-napoje"
  },
  {
    "name": "Danone Zakysaný jogurtový nápoj lesní plody",
    "price": "32,90 Kč",
    "unit_price": "113.45 Kč/kg",
    "package_amount": "290 g",
    "subcategory_name": "Mléčné - Jogurtové nápoje",
    "subcategory_url": "https://www.rohlik.cz/c300105005-mlecne-a-jogurtove-napoje"
  },
  {
    "name": "GymBeam MoiMüv Protein Milkshake čokoláda",
    "price": "51,90 Kč",
    "unit_price": "207.6 Kč/l",
    "package_amount": "250 ml",
    "subcategory_name": "Mléčné - Jogurtové nápoje",
    "subcategory_url": "https://www.rohlik.cz/c300105005-mlecne-a-jogurtove-napoje"
  },
  {
    "name": "Starbucks Tripleshot bez přidaného cukru",
    "price": "84,90 Kč",
    "unit_price": "283 Kč/l",
    "package_amount": "300 ml",
    "subcategory_name": "Mléčné - Jogurtové nápoje",
    "subcategory_url": "https://www.rohlik.cz/c300105005-mlecne-a-jogurtove-napoje"
  },
  {
    "name": "Paturages Jogurtový nápoj s jahodovou příchutí 4×180 g",
    "price": "92,90 Kč",
    "unit_price": "129.03 Kč/kg",
    "package_amount": "0,72 kg",
    "subcategory_name": "Mléčné - Jogurtové nápoje",
    "subcategory_url": "https://www.rohlik.cz/c300105005-mlecne-a-jogurtove-napoje"
  },
  {
    "name": "Starbucks Frappuccino coffee",
    "price": "84,90 Kč",
    "unit_price": "339.6 Kč/l",
    "package_amount": "250 ml",
    "subcategory_name": "Mléčné - Jogurtové nápoje",
    "subcategory_url": "https://www.rohlik.cz/c300105005-mlecne-a-jogurtove-napoje"
  },
  {
    "name": "Starbucks Tripleshot",
    "price": "84,90 Kč",
    "unit_price": "283 Kč/l",
    "package_amount": "300 ml",
    "subcategory_name": "Mléčné - Jogurtové nápoje",
    "subcategory_url": "https://www.rohlik.cz/c300105005-mlecne-a-jogurtove-napoje"
  },
  {
    "name": "Mr. Brown Double shot",
    "price": "65,90 Kč",
    "unit_price": "199.7 Kč/l",
    "package_amount": "330 ml",
    "subcategory_name": "Mléčné - Jogurtové nápoje",
    "subcategory_url": "https://www.rohlik.cz/c300105005-mlecne-a-jogurtove-napoje"
  },
  {
    "name": "Big Shock! Coffee Latté Vanilla",
    "price": "51,90 Kč",
    "unit_price": "207.6 Kč/l",
    "package_amount": "250 ml",
    "subcategory_name": "Mléčné - Jogurtové nápoje",
    "subcategory_url": "https://www.rohlik.cz/c300105005-mlecne-a-jogurtove-napoje"
  },
  {
    "name": "Big Shock! Coffee bez přidaného cukru",
    "price": "51,90 Kč",
    "unit_price": "207.6 Kč/l",
    "package_amount": "250 ml",
    "subcategory_name": "Mléčné - Jogurtové nápoje",
    "subcategory_url": "https://www.rohlik.cz/c300105005-mlecne-a-jogurtove-napoje"
  },
  {
    "name": "Maresi Vienna ice coffee cappuccino",
    "price": "44,90 Kč",
    "unit_price": "195.22 Kč/l",
    "package_amount": "230 ml",
    "subcategory_name": "Mléčné - Jogurtové nápoje",
    "subcategory_url": "https://www.rohlik.cz/c300105005-mlecne-a-jogurtove-napoje"
  },
  {
    "name": "Granarolo Milkshake High Protein Deep salty caramel",
    "price": "45,90 Kč",
    "unit_price": "195.32 Kč/l",
    "package_amount": "235 ml",
    "subcategory_name": "Mléčné - Jogurtové nápoje",
    "subcategory_url": "https://www.rohlik.cz/c300105005-mlecne-a-jogurtove-napoje"
  },
  {
    "name": "Milka Čokoládový nápoj s karamelovou příchutí",
    "price": "49,90 Kč",
    "unit_price": "199.6 Kč/l",
    "package_amount": "250 ml",
    "subcategory_name": "Mléčné - Jogurtové nápoje",
    "subcategory_url": "https://www.rohlik.cz/c300105005-mlecne-a-jogurtove-napoje"
  },
  {
    "name": "Maresi Vienna ice coffee classic",
    "price": "44,90 Kč",
    "unit_price": "195.22 Kč/l",
    "package_amount": "230 ml",
    "subcategory_name": "Mléčné - Jogurtové nápoje",
    "subcategory_url": "https://www.rohlik.cz/c300105005-mlecne-a-jogurtove-napoje"
  },
  {
    "name": "Granarolo Milkshake High protein Dark choco bomb",
    "price": "45,90 Kč",
    "unit_price": "195.32 Kč/l",
    "package_amount": "235 ml",
    "subcategory_name": "Mléčné - Jogurtové nápoje",
    "subcategory_url": "https://www.rohlik.cz/c300105005-mlecne-a-jogurtove-napoje"
  },
  {
    "name": "Big Shock! Coffee Espresso",
    "price": "51,90 Kč",
    "unit_price": "207.6 Kč/l",
    "package_amount": "250 ml",
    "subcategory_name": "Mléčné - Jogurtové nápoje",
    "subcategory_url": "https://www.rohlik.cz/c300105005-mlecne-a-jogurtove-napoje"
  },
  {
    "name": "Nutricia Milupa LP drink",
    "price": "294 Kč",
    "unit_price": "735 Kč/kg",
    "package_amount": "400 g",
    "subcategory_name": "Mléčné - Jogurtové nápoje",
    "subcategory_url": "https://www.rohlik.cz/c300105005-mlecne-a-jogurtove-napoje"
  },
  {
    "name": "Ehrmann Daily fit multifruit",
    "price": "90,90 Kč",
    "unit_price": "151.5 Kč/kg",
    "package_amount": "0,6 kg",
    "subcategory_name": "Mléčné - Jogurtové nápoje",
    "subcategory_url": "https://www.rohlik.cz/c300105005-mlecne-a-jogurtove-napoje"
  },
  {
    "name": "Ehrmann Daily fit bílý",
    "price": "90,90 Kč",
    "unit_price": "151.5 Kč/kg",
    "package_amount": "0,6 kg",
    "subcategory_name": "Mléčné - Jogurtové nápoje",
    "subcategory_url": "https://www.rohlik.cz/c300105005-mlecne-a-jogurtove-napoje"
  },
  {
    "name": "Nescafé Barista Style Americano ledová káva",
    "price": "44,90 Kč",
    "unit_price": "179.6 Kč/l",
    "package_amount": "250 ml",
    "subcategory_name": "Mléčné - Jogurtové nápoje",
    "subcategory_url": "https://www.rohlik.cz/c300105005-mlecne-a-jogurtove-napoje"
  },
  {
    "name": "Actimel Probiotický jogurtový nápoj broskev a marakuja 4×100 g",
    "price": "84,90 Kč",
    "unit_price": "212.25 Kč/kg",
    "package_amount": "400 g",
    "subcategory_name": "Mléčné - Jogurtové nápoje",
    "subcategory_url": "https://www.rohlik.cz/c300105005-mlecne-a-jogurtove-napoje"
  },
  {
    "name": "Nescafé Barista Style Cappuccino ledová káva",
    "price": "44,90 Kč",
    "unit_price": "179.6 Kč/l",
    "package_amount": "250 ml",
    "subcategory_name": "Mléčné - Jogurtové nápoje",
    "subcategory_url": "https://www.rohlik.cz/c300105005-mlecne-a-jogurtove-napoje"
  },
  {
    "name": "Oatly! Ovesný nápoj Barista Edition",
    "price": "69,90 Kč",
    "unit_price": "69.9 Kč/l",
    "package_amount": "1 l",
    "subcategory_name": "Mléčné - Rostlinné nápoje",
    "subcategory_url": "https://www.rohlik.cz/c300105006-rostlinne-napoje"
  },
  {
    "name": "Alpro Barista Kokosový nápoj",
    "price": "64,90 Kč",
    "unit_price": "86.53 Kč/l",
    "package_amount": "0,75 l",
    "subcategory_name": "Mléčné - Rostlinné nápoje",
    "subcategory_url": "https://www.rohlik.cz/c300105006-rostlinne-napoje"
  },
  {
    "name": "Asia Time Kokosové mléko",
    "price": "35,90 Kč",
    "unit_price": "217.58 Kč/l",
    "package_amount": "165 ml",
    "subcategory_name": "Mléčné - Rostlinné nápoje",
    "subcategory_url": "https://www.rohlik.cz/c300105006-rostlinne-napoje"
  },
  {
    "name": "Alpro Barista Ovesný nápoj bez lepku",
    "price": "64,90 Kč",
    "unit_price": "86.53 Kč/l",
    "package_amount": "0,75 l",
    "subcategory_name": "Mléčné - Rostlinné nápoje",
    "subcategory_url": "https://www.rohlik.cz/c300105006-rostlinne-napoje"
  },
  {
    "name": "Alpro Barista mandlový nápoj",
    "price": "64,90 Kč",
    "unit_price": "86.53 Kč/l",
    "package_amount": "0,75 l",
    "subcategory_name": "Mléčné - Rostlinné nápoje",
    "subcategory_url": "https://www.rohlik.cz/c300105006-rostlinne-napoje"
  },
  {
    "name": "Alpro Sójový nápoj s vanilkovou příchutí",
    "price": "85,90 Kč",
    "unit_price": "85.9 Kč/l",
    "package_amount": "1 l",
    "subcategory_name": "Mléčné - Rostlinné nápoje",
    "subcategory_url": "https://www.rohlik.cz/c300105006-rostlinne-napoje"
  },
  {
    "name": "Alpro Kokosovo-mandlový nápoj",
    "price": "49,90 Kč",
    "unit_price": "49.9 Kč/l",
    "package_amount": "1 l",
    "subcategory_name": "Mléčné - Rostlinné nápoje",
    "subcategory_url": "https://www.rohlik.cz/c300105006-rostlinne-napoje"
  },
  {
    "name": "Alpro Mandlový nápoj neslazený",
    "price": "84,90 Kč",
    "unit_price": "84.9 Kč/l",
    "package_amount": "1 l",
    "subcategory_name": "Mléčné - Rostlinné nápoje",
    "subcategory_url": "https://www.rohlik.cz/c300105006-rostlinne-napoje"
  },
  {
    "name": "Minor Figures Ovesný nápoj barista",
    "price": "72,90 Kč",
    "unit_price": "72.9 Kč/l",
    "package_amount": "1 l",
    "subcategory_name": "Mléčné - Rostlinné nápoje",
    "subcategory_url": "https://www.rohlik.cz/c300105006-rostlinne-napoje"
  },
  {
    "name": "Vianature Ovesno-ovocný nápoj kokos a banán",
    "price": "79,90 Kč",
    "unit_price": "106.53 Kč/l",
    "package_amount": "0,75 l",
    "subcategory_name": "Mléčné - Rostlinné nápoje",
    "subcategory_url": "https://www.rohlik.cz/c300105006-rostlinne-napoje"
  },
  {
    "name": "Alpro Mandlový nápoj s vanilkovou příchutí",
    "price": "49,90 Kč",
    "unit_price": "49.9 Kč/l",
    "package_amount": "1 l",
    "subcategory_name": "Mléčné - Rostlinné nápoje",
    "subcategory_url": "https://www.rohlik.cz/c300105006-rostlinne-napoje"
  },
  {
    "name": "Alnatura BIO Kokosové mléko",
    "price": "69,90 Kč",
    "unit_price": "174.75 Kč/l",
    "package_amount": "400 ml",
    "subcategory_name": "Mléčné - Rostlinné nápoje",
    "subcategory_url": "https://www.rohlik.cz/c300105006-rostlinne-napoje"
  },
  {
    "name": "Wild & Coco BIO Biotic Cocofir natural",
    "price": "79,90 Kč",
    "unit_price": "319.6 Kč/l",
    "package_amount": "250 ml",
    "subcategory_name": "Mléčné - Rostlinné nápoje",
    "subcategory_url": "https://www.rohlik.cz/c300105006-rostlinne-napoje"
  },
  {
    "name": "Alpro Mandlový nápoj",
    "price": "85,90 Kč",
    "unit_price": "85.9 Kč/l",
    "package_amount": "1 l",
    "subcategory_name": "Mléčné - Rostlinné nápoje",
    "subcategory_url": "https://www.rohlik.cz/c300105006-rostlinne-napoje"
  },
  {
    "name": "Alpro Sójový nápoj s čokoládovou příchutí",
    "price": "35,90 Kč",
    "unit_price": "143.6 Kč/l",
    "package_amount": "250 ml",
    "subcategory_name": "Mléčné - Rostlinné nápoje",
    "subcategory_url": "https://www.rohlik.cz/c300105006-rostlinne-napoje"
  },
  {
    "name": "Wild & Coco Biotic Cocofir Mango",
    "price": "79,90 Kč",
    "unit_price": "319.6 Kč/l",
    "package_amount": "250 ml",
    "subcategory_name": "Mléčné - Rostlinné nápoje",
    "subcategory_url": "https://www.rohlik.cz/c300105006-rostlinne-napoje"
  },
  {
    "name": "Alnatura BIO Rýžový nápoj neslazený",
    "price": "52,90 Kč",
    "unit_price": "52.9 Kč/l",
    "package_amount": "1 l",
    "subcategory_name": "Mléčné - Rostlinné nápoje",
    "subcategory_url": "https://www.rohlik.cz/c300105006-rostlinne-napoje"
  },
  {
    "name": "Alpro Sójový nápoj",
    "price": "74,90 Kč",
    "unit_price": "74.9 Kč/l",
    "package_amount": "1 l",
    "subcategory_name": "Mléčné - Rostlinné nápoje",
    "subcategory_url": "https://www.rohlik.cz/c300105006-rostlinne-napoje"
  },
  {
    "name": "AROY-D BIO Kokosové mléko",
    "price": "109,90 Kč",
    "unit_price": "109.9 Kč/l",
    "package_amount": "1 l",
    "subcategory_name": "Mléčné - Rostlinné nápoje",
    "subcategory_url": "https://www.rohlik.cz/c300105006-rostlinne-napoje"
  },
  {
    "name": "Alpro Sójový nápoj s banánovou příchutí",
    "price": "35,90 Kč",
    "unit_price": "143.6 Kč/l",
    "package_amount": "250 ml",
    "subcategory_name": "Mléčné - Rostlinné nápoje",
    "subcategory_url": "https://www.rohlik.cz/c300105006-rostlinne-napoje"
  },
  {
    "name": "Alpro Barista sójový nápoj",
    "price": "84,90 Kč",
    "unit_price": "84.9 Kč/l",
    "package_amount": "1 l",
    "subcategory_name": "Mléčné - Rostlinné nápoje",
    "subcategory_url": "https://www.rohlik.cz/c300105006-rostlinne-napoje"
  },
  {
    "name": "Alpro Barista ovesno-sójový nápoj s vanilkovou příchutí",
    "price": "64,90 Kč",
    "unit_price": "86.53 Kč/l",
    "package_amount": "0,75 l",
    "subcategory_name": "Mléčné - Rostlinné nápoje",
    "subcategory_url": "https://www.rohlik.cz/c300105006-rostlinne-napoje"
  },
  {
    "name": "Oatly! Ovesný nápoj Barista Edition",
    "price": "54,90 Kč",
    "unit_price": "109.8 Kč/l",
    "package_amount": "500 ml",
    "subcategory_name": "Mléčné - Rostlinné nápoje",
    "subcategory_url": "https://www.rohlik.cz/c300105006-rostlinne-napoje"
  },
  {
    "name": "Alpro Sójový nápoj neslazený",
    "price": "74,90 Kč",
    "unit_price": "74.9 Kč/l",
    "package_amount": "1 l",
    "subcategory_name": "Mléčné - Rostlinné nápoje",
    "subcategory_url": "https://www.rohlik.cz/c300105006-rostlinne-napoje"
  },
  {
    "name": "Wild & Coco Biotic Cocofir Višeň",
    "price": "79,90 Kč",
    "unit_price": "319.6 Kč/l",
    "package_amount": "250 ml",
    "subcategory_name": "Mléčné - Rostlinné nápoje",
    "subcategory_url": "https://www.rohlik.cz/c300105006-rostlinne-napoje"
  },
  {
    "name": "Sproud Barista hrachový proteinový nápoj",
    "price": "74,90 Kč",
    "unit_price": "74.9 Kč/l",
    "package_amount": "1 l",
    "subcategory_name": "Mléčné - Rostlinné nápoje",
    "subcategory_url": "https://www.rohlik.cz/c300105006-rostlinne-napoje"
  },
  {
    "name": "Rude Health Kokosový nápoj barista",
    "price": "107 Kč",
    "unit_price": "107 Kč/l",
    "package_amount": "1 l",
    "subcategory_name": "Mléčné - Rostlinné nápoje",
    "subcategory_url": "https://www.rohlik.cz/c300105006-rostlinne-napoje"
  },
  {
    "name": "Berief BIO Ovesný nápoj",
    "price": "59,90 Kč",
    "unit_price": "59.9 Kč/l",
    "package_amount": "1 l",
    "subcategory_name": "Mléčné - Rostlinné nápoje",
    "subcategory_url": "https://www.rohlik.cz/c300105006-rostlinne-napoje"
  },
  {
    "name": "Alpro Kokosový nápoj neslazený",
    "price": "84,90 Kč",
    "unit_price": "84.9 Kč/l",
    "package_amount": "1 l",
    "subcategory_name": "Mléčné - Rostlinné nápoje",
    "subcategory_url": "https://www.rohlik.cz/c300105006-rostlinne-napoje"
  },
  {
    "name": "Alpro Nápoj s lískovými ořechy",
    "price": "49,90 Kč",
    "unit_price": "49.9 Kč/l",
    "package_amount": "1 l",
    "subcategory_name": "Mléčné - Rostlinné nápoje",
    "subcategory_url": "https://www.rohlik.cz/c300105006-rostlinne-napoje"
  },
  {
    "name": "Alpro Sójový nápoj s vanilkovou příchutí",
    "price": "35,90 Kč",
    "unit_price": "143.6 Kč/l",
    "package_amount": "250 ml",
    "subcategory_name": "Mléčné - Rostlinné nápoje",
    "subcategory_url": "https://www.rohlik.cz/c300105006-rostlinne-napoje"
  },
  {
    "name": "Minor Figures BIO Ovesný nápoj barista",
    "price": "84,90 Kč",
    "unit_price": "84.9 Kč/l",
    "package_amount": "1 l",
    "subcategory_name": "Mléčné - Rostlinné nápoje",
    "subcategory_url": "https://www.rohlik.cz/c300105006-rostlinne-napoje"
  },
  {
    "name": "Oatly! BIO Ovesný nápoj",
    "price": "70,90 Kč",
    "unit_price": "70.9 Kč/l",
    "package_amount": "1 l",
    "subcategory_name": "Mléčné - Rostlinné nápoje",
    "subcategory_url": "https://www.rohlik.cz/c300105006-rostlinne-napoje"
  },
  {
    "name": "Alpro Sójový nápoj čokoládový",
    "price": "85,90 Kč",
    "unit_price": "85.9 Kč/l",
    "package_amount": "1 l",
    "subcategory_name": "Mléčné - Rostlinné nápoje",
    "subcategory_url": "https://www.rohlik.cz/c300105006-rostlinne-napoje"
  },
  {
    "name": "Wild & Coco BIO Biotic Cocofir Černý rybíz",
    "price": "79,90 Kč",
    "unit_price": "319.6 Kč/l",
    "package_amount": "250 ml",
    "subcategory_name": "Mléčné - Rostlinné nápoje",
    "subcategory_url": "https://www.rohlik.cz/c300105006-rostlinne-napoje"
  },
  {
    "name": "Alpro Barista ovesno-sójový nápoj s karamelovou příchutí",
    "price": "64,90 Kč",
    "unit_price": "86.53 Kč/l",
    "package_amount": "0,75 l",
    "subcategory_name": "Mléčné - Rostlinné nápoje",
    "subcategory_url": "https://www.rohlik.cz/c300105006-rostlinne-napoje"
  },
  {
    "name": "Exotic Food Kokosové mléko",
    "price": "49,90 Kč",
    "unit_price": "311.88 Kč/l",
    "package_amount": "160 ml",
    "subcategory_name": "Mléčné - Rostlinné nápoje",
    "subcategory_url": "https://www.rohlik.cz/c300105006-rostlinne-napoje"
  },
  {
    "name": "Berief BIO Sójový nápoj neslazený",
    "price": "59,90 Kč",
    "unit_price": "59.9 Kč/l",
    "package_amount": "1 l",
    "subcategory_name": "Mléčné - Rostlinné nápoje",
    "subcategory_url": "https://www.rohlik.cz/c300105006-rostlinne-napoje"
  },
  {
    "name": "PlantON Lassi vegangurt kokosový s mangem",
    "price": "44,90 Kč",
    "unit_price": "224.5 Kč/kg",
    "package_amount": "200 g",
    "subcategory_name": "Mléčné - Rostlinné nápoje",
    "subcategory_url": "https://www.rohlik.cz/c300105006-rostlinne-napoje"
  },
  {
    "name": "Alnatura BIO Nápoj z fermentovaného hrachu barista",
    "price": "59,90 Kč",
    "unit_price": "59.9 Kč/l",
    "package_amount": "1 l",
    "subcategory_name": "Mléčné - Rostlinné nápoje",
    "subcategory_url": "https://www.rohlik.cz/c300105006-rostlinne-napoje"
  },
  {
    "name": "Alnatura BIO Nápoj oves se sójou barista",
    "price": "59,90 Kč",
    "unit_price": "59.9 Kč/l",
    "package_amount": "1 l",
    "subcategory_name": "Mléčné - Rostlinné nápoje",
    "subcategory_url": "https://www.rohlik.cz/c300105006-rostlinne-napoje"
  },
  {
    "name": "Alpro Ovesný nápoj neslazený",
    "price": "85,90 Kč",
    "unit_price": "85.9 Kč/l",
    "package_amount": "1 l",
    "subcategory_name": "Mléčné - Rostlinné nápoje",
    "subcategory_url": "https://www.rohlik.cz/c300105006-rostlinne-napoje"
  },
  {
    "name": "M&S Kokosové mléko",
    "price": "77,80 Kč",
    "unit_price": "155.6 Kč/l",
    "package_amount": "500 ml",
    "subcategory_name": "Mléčné - Rostlinné nápoje",
    "subcategory_url": "https://www.rohlik.cz/c300105006-rostlinne-napoje"
  },
  {
    "name": "Alpro Mandlový nápoj neslazený nepražený",
    "price": "85,90 Kč",
    "unit_price": "85.9 Kč/l",
    "package_amount": "1 l",
    "subcategory_name": "Mléčné - Rostlinné nápoje",
    "subcategory_url": "https://www.rohlik.cz/c300105006-rostlinne-napoje"
  },
  {
    "name": "Macadamia Nut Farm Makadamový přírodní nápoj",
    "price": "114,90 Kč",
    "unit_price": "114.9 Kč/l",
    "package_amount": "1 l",
    "subcategory_name": "Mléčné - Rostlinné nápoje",
    "subcategory_url": "https://www.rohlik.cz/c300105006-rostlinne-napoje"
  },
  {
    "name": "Alnatura BIO Ovesný nápoj s řasou",
    "price": "49,90 Kč",
    "unit_price": "49.9 Kč/l",
    "package_amount": "1 l",
    "subcategory_name": "Mléčné - Rostlinné nápoje",
    "subcategory_url": "https://www.rohlik.cz/c300105006-rostlinne-napoje"
  },
  {
    "name": "Alpro Rýžový nápoj",
    "price": "84,90 Kč",
    "unit_price": "84.9 Kč/l",
    "package_amount": "1 l",
    "subcategory_name": "Mléčné - Rostlinné nápoje",
    "subcategory_url": "https://www.rohlik.cz/c300105006-rostlinne-napoje"
  },
  {
    "name": "Optimistic Rostlinný probiotický nápoj malina",
    "price": "39,90 Kč",
    "unit_price": "173.48 Kč/kg",
    "package_amount": "230 g",
    "subcategory_name": "Mléčné - Rostlinné nápoje",
    "subcategory_url": "https://www.rohlik.cz/c300105006-rostlinne-napoje"
  },
  {
    "name": "Rude Health Mandlový nápoj barista bez lepku",
    "price": "107 Kč",
    "unit_price": "107 Kč/l",
    "package_amount": "1 l",
    "subcategory_name": "Mléčné - Rostlinné nápoje",
    "subcategory_url": "https://www.rohlik.cz/c300105006-rostlinne-napoje"
  },
  {
    "name": "Optimistic Rostlinný probiotický nápoj natural",
    "price": "39,90 Kč",
    "unit_price": "173.48 Kč/kg",
    "package_amount": "230 g",
    "subcategory_name": "Mléčné - Rostlinné nápoje",
    "subcategory_url": "https://www.rohlik.cz/c300105006-rostlinne-napoje"
  },
  {
    "name": "Vianature Ovesno-ovocný nápoj jahoda a banán",
    "price": "79,90 Kč",
    "unit_price": "106.53 Kč/l",
    "package_amount": "0,75 l",
    "subcategory_name": "Mléčné - Rostlinné nápoje",
    "subcategory_url": "https://www.rohlik.cz/c300105006-rostlinne-napoje"
  },
  {
    "name": "Macadamia Nut Farm Makadamový nápoj barista",
    "price": "124,90 Kč",
    "unit_price": "124.9 Kč/l",
    "package_amount": "1 l",
    "subcategory_name": "Mléčné - Rostlinné nápoje",
    "subcategory_url": "https://www.rohlik.cz/c300105006-rostlinne-napoje"
  },
  {
    "name": "Sproud Vanilkový proteinový nápoj",
    "price": "79,90 Kč",
    "unit_price": "79.9 Kč/l",
    "package_amount": "1 l",
    "subcategory_name": "Mléčné - Rostlinné nápoje",
    "subcategory_url": "https://www.rohlik.cz/c300105006-rostlinne-napoje"
  },
  {
    "name": "M&S Kokosové mléko",
    "price": "46,90 Kč",
    "unit_price": "234.5 Kč/l",
    "package_amount": "200 ml",
    "subcategory_name": "Mléčné - Rostlinné nápoje",
    "subcategory_url": "https://www.rohlik.cz/c300105006-rostlinne-napoje"
  },
  {
    "name": "Oatly! Čokoládový ovesný nápoj",
    "price": "72,90 Kč",
    "unit_price": "72.9 Kč/l",
    "package_amount": "1 l",
    "subcategory_name": "Mléčné - Rostlinné nápoje",
    "subcategory_url": "https://www.rohlik.cz/c300105006-rostlinne-napoje"
  },
  {
    "name": "Alnatura BIO Ovesný nápoj vanilka",
    "price": "84,90 Kč",
    "unit_price": "84.9 Kč/l",
    "package_amount": "1 l",
    "subcategory_name": "Mléčné - Rostlinné nápoje",
    "subcategory_url": "https://www.rohlik.cz/c300105006-rostlinne-napoje"
  },
  {
    "name": "Marks & Spencer Kokosové mléko se sníženým obsahem tuku",
    "price": "69,90 Kč",
    "unit_price": "174.75 Kč/l",
    "package_amount": "400 ml",
    "subcategory_name": "Mléčné - Rostlinné nápoje",
    "subcategory_url": "https://www.rohlik.cz/c300105006-rostlinne-napoje"
  },
  {
    "name": "Alpro Sójový nápoj s příchutí červeného ovoce",
    "price": "84,90 Kč",
    "unit_price": "84.9 Kč/l",
    "package_amount": "1 l",
    "subcategory_name": "Mléčné - Rostlinné nápoje",
    "subcategory_url": "https://www.rohlik.cz/c300105006-rostlinne-napoje"
  },
  {
    "name": "Alpro Sójový nápoj s banánovou příchutí",
    "price": "84,90 Kč",
    "unit_price": "84.9 Kč/l",
    "package_amount": "1 l",
    "subcategory_name": "Mléčné - Rostlinné nápoje",
    "subcategory_url": "https://www.rohlik.cz/c300105006-rostlinne-napoje"
  },
  {
    "name": "Optimistic Rostlinný nápoj lískooříškový",
    "price": "89,90 Kč",
    "unit_price": "119.87 Kč/l",
    "package_amount": "0,75 l",
    "subcategory_name": "Mléčné - Rostlinné nápoje",
    "subcategory_url": "https://www.rohlik.cz/c300105006-rostlinne-napoje"
  },
  {
    "name": "Optimistic Rostlinný nápoj mandlový polotučný",
    "price": "89,90 Kč",
    "unit_price": "119.87 Kč/l",
    "package_amount": "0,75 l",
    "subcategory_name": "Mléčné - Rostlinné nápoje",
    "subcategory_url": "https://www.rohlik.cz/c300105006-rostlinne-napoje"
  },
  {
    "name": "Alpro Kokosový nápoj",
    "price": "84,90 Kč",
    "unit_price": "84.9 Kč/l",
    "package_amount": "1 l",
    "subcategory_name": "Mléčné - Rostlinné nápoje",
    "subcategory_url": "https://www.rohlik.cz/c300105006-rostlinne-napoje"
  },
  {
    "name": "Miil BIO Čerstvé mléko plnotučné 3,6%",
    "price": "33,90 Kč",
    "unit_price": "33.9 Kč/l",
    "package_amount": "1 l",
    "subcategory_name": "Mléčné - Farmářské mléko",
    "subcategory_url": "https://www.rohlik.cz/c300105069-bio-a-farmarske-mleko-a-mlecne-napoje"
  },
  {
    "name": "Olma BIO Čerstvé mléko plnotučné 4 %",
    "price": "35,90 Kč",
    "unit_price": "35.9 Kč/l",
    "package_amount": "1 l",
    "subcategory_name": "Mléčné - Farmářské mléko",
    "subcategory_url": "https://www.rohlik.cz/c300105069-bio-a-farmarske-mleko-a-mlecne-napoje"
  },
  {
    "name": "Olma BIO Selský Kefír",
    "price": "23,90 Kč",
    "unit_price": "53.11 Kč/kg",
    "package_amount": "450 g",
    "subcategory_name": "Mléčné - Farmářské mléko",
    "subcategory_url": "https://www.rohlik.cz/c300105069-bio-a-farmarske-mleko-a-mlecne-napoje"
  },
  {
    "name": "Mlékárna Řetová Sloupnické selské A2 mléko",
    "price": "53,40 Kč",
    "unit_price": "53.4 Kč/l",
    "package_amount": "1 l",
    "subcategory_name": "Mléčné - Farmářské mléko",
    "subcategory_url": "https://www.rohlik.cz/c300105069-bio-a-farmarske-mleko-a-mlecne-napoje"
  },
  {
    "name": "Tami BIO Čerstvé mléko polotučné 1,5%",
    "price": "44,90 Kč",
    "unit_price": "44.9 Kč/l",
    "package_amount": "1 l",
    "subcategory_name": "Mléčné - Farmářské mléko",
    "subcategory_url": "https://www.rohlik.cz/c300105069-bio-a-farmarske-mleko-a-mlecne-napoje"
  },
  {
    "name": "Berchtesgadener Land BIO Čerstvé alpské mléko bez laktózy plnotučné",
    "price": "67,90 Kč",
    "unit_price": "67.9 Kč/l",
    "package_amount": "1 l",
    "subcategory_name": "Mléčné - Farmářské mléko",
    "subcategory_url": "https://www.rohlik.cz/c300105069-bio-a-farmarske-mleko-a-mlecne-napoje"
  },
  {
    "name": "Farma rodiny Němcovy Mléko ve skle nehomogenizované",
    "price": "42,90 Kč",
    "unit_price": "42.9 Kč/l",
    "package_amount": "1 l",
    "subcategory_name": "Mléčné - Farmářské mléko",
    "subcategory_url": "https://www.rohlik.cz/c300105069-bio-a-farmarske-mleko-a-mlecne-napoje"
  },
  {
    "name": "Biofarma DoRa BIO Kozí kefír",
    "price": "52,90 Kč",
    "unit_price": "117.56 Kč/kg",
    "package_amount": "450 g",
    "subcategory_name": "Mléčné - Farmářské mléko",
    "subcategory_url": "https://www.rohlik.cz/c300105069-bio-a-farmarske-mleko-a-mlecne-napoje"
  },
  {
    "name": "Mlékárna Ohaře Mléko plnotučné nehomogenizované",
    "price": "43,70 Kč",
    "unit_price": "43.7 Kč/l",
    "package_amount": "1 l",
    "subcategory_name": "Mléčné - Farmářské mléko",
    "subcategory_url": "https://www.rohlik.cz/c300105069-bio-a-farmarske-mleko-a-mlecne-napoje"
  },
  {
    "name": "Bon Lait Kozí mléko čerstvé, nehomogenizované",
    "price": "59,90 Kč",
    "unit_price": "119.8 Kč/l",
    "package_amount": "500 ml",
    "subcategory_name": "Mléčné - Farmářské mléko",
    "subcategory_url": "https://www.rohlik.cz/c300105069-bio-a-farmarske-mleko-a-mlecne-napoje"
  },
  {
    "name": "Milknatur Čerstvé mléko z farmy nehomogenizované min. 3,8 %",
    "price": "47,90 Kč",
    "unit_price": "47.9 Kč/l",
    "package_amount": "1 l",
    "subcategory_name": "Mléčné - Farmářské mléko",
    "subcategory_url": "https://www.rohlik.cz/c300105069-bio-a-farmarske-mleko-a-mlecne-napoje"
  },
  {
    "name": "Alnatura BIO Mango Lassi jogurtový nápoj",
    "price": "39,90 Kč",
    "unit_price": "173.48 Kč/l",
    "package_amount": "230 ml",
    "subcategory_name": "Mléčné - Farmářské mléko",
    "subcategory_url": "https://www.rohlik.cz/c300105069-bio-a-farmarske-mleko-a-mlecne-napoje"
  },
  {
    "name": "Biofarma DoRa Bifidora probiotický nápoj",
    "price": "33,90 Kč",
    "unit_price": "141.25 Kč/kg",
    "package_amount": "240 g",
    "subcategory_name": "Mléčné - Farmářské mléko",
    "subcategory_url": "https://www.rohlik.cz/c300105069-bio-a-farmarske-mleko-a-mlecne-napoje"
  },
  {
    "name": "Berchtesgadener Land BIO Čerstvé alpské mléko bez laktózy polotučné",
    "price": "59,90 Kč",
    "unit_price": "59.9 Kč/l",
    "package_amount": "1 l",
    "subcategory_name": "Mléčné - Farmářské mléko",
    "subcategory_url": "https://www.rohlik.cz/c300105069-bio-a-farmarske-mleko-a-mlecne-napoje"
  },
  {
    "name": "Rohlik.cz BIO Kefír selský bílý",
    "price": "45,90 Kč",
    "unit_price": "153 Kč/kg",
    "package_amount": "300 g",
    "subcategory_name": "Mléčné - Farmářské mléko",
    "subcategory_url": "https://www.rohlik.cz/c300105069-bio-a-farmarske-mleko-a-mlecne-napoje"
  },
  {
    "name": "Moravia Čerstvé plnotučné farmářské mléko",
    "price": "39,90 Kč",
    "unit_price": "39.9 Kč/l",
    "package_amount": "1 l",
    "subcategory_name": "Mléčné - Farmářské mléko",
    "subcategory_url": "https://www.rohlik.cz/c300105069-bio-a-farmarske-mleko-a-mlecne-napoje"
  },
  {
    "name": "Alnatura BIO Kefír",
    "price": "29,90 Kč",
    "unit_price": "130 Kč/l",
    "package_amount": "230 ml",
    "subcategory_name": "Mléčné - Farmářské mléko",
    "subcategory_url": "https://www.rohlik.cz/c300105069-bio-a-farmarske-mleko-a-mlecne-napoje"
  },
  {
    "name": "Mlékárna Řetová Sloupnické jogurtové A2 mléko",
    "price": "43,70 Kč",
    "unit_price": "87.4 Kč/l",
    "package_amount": "500 ml",
    "subcategory_name": "Mléčné - Farmářské mléko",
    "subcategory_url": "https://www.rohlik.cz/c300105069-bio-a-farmarske-mleko-a-mlecne-napoje"
  },
  {
    "name": "Milknatur Čerstvé mléko z farmy nehomogenizované min. 3,8 %",
    "price": "35,90 Kč",
    "unit_price": "71.8 Kč/l",
    "package_amount": "500 ml",
    "subcategory_name": "Mléčné - Farmářské mléko",
    "subcategory_url": "https://www.rohlik.cz/c300105069-bio-a-farmarske-mleko-a-mlecne-napoje"
  },
  {
    "name": "Biofarma DoRa BIO Kozí kefírek",
    "price": "33,90 Kč",
    "unit_price": "141.25 Kč/l",
    "package_amount": "240 ml",
    "subcategory_name": "Mléčné - Farmářské mléko",
    "subcategory_url": "https://www.rohlik.cz/c300105069-bio-a-farmarske-mleko-a-mlecne-napoje"
  },
  {
    "name": "Rohlik.cz BIO Selský kefír borůvka",
    "price": "50,90 Kč",
    "unit_price": "169.67 Kč/kg",
    "package_amount": "300 g",
    "subcategory_name": "Mléčné - Farmářské mléko",
    "subcategory_url": "https://www.rohlik.cz/c300105069-bio-a-farmarske-mleko-a-mlecne-napoje"
  },
  {
    "name": "Rohlik.cz BIO Selský kefír jahoda",
    "price": "50,90 Kč",
    "unit_price": "169.67 Kč/kg",
    "package_amount": "300 g",
    "subcategory_name": "Mléčné - Farmářské mléko",
    "subcategory_url": "https://www.rohlik.cz/c300105069-bio-a-farmarske-mleko-a-mlecne-napoje"
  },
  {
    "name": "Mlékárna Ohaře Zákys",
    "price": "38,80 Kč",
    "unit_price": "77.6 Kč/l",
    "package_amount": "500 ml",
    "subcategory_name": "Mléčné - Farmářské mléko",
    "subcategory_url": "https://www.rohlik.cz/c300105069-bio-a-farmarske-mleko-a-mlecne-napoje"
  },
  {
    "name": "Mlékárna Ohaře Zákys meruňkový",
    "price": "43,70 Kč",
    "unit_price": "87.4 Kč/l",
    "package_amount": "500 ml",
    "subcategory_name": "Mléčné - Farmářské mléko",
    "subcategory_url": "https://www.rohlik.cz/c300105069-bio-a-farmarske-mleko-a-mlecne-napoje"
  },
  {
    "name": "Kozí zahrádka BIO Kozí mléko",
    "price": "52,90 Kč",
    "unit_price": "105.8 Kč/l",
    "package_amount": "500 ml",
    "subcategory_name": "Mléčné - Farmářské mléko",
    "subcategory_url": "https://www.rohlik.cz/c300105069-bio-a-farmarske-mleko-a-mlecne-napoje"
  },
  {
    "name": "Mlékárna Řetová Sloupnické jogurtové A2 mléko jahodové",
    "price": "48,50 Kč",
    "unit_price": "97 Kč/l",
    "package_amount": "500 ml",
    "subcategory_name": "Mléčné - Farmářské mléko",
    "subcategory_url": "https://www.rohlik.cz/c300105069-bio-a-farmarske-mleko-a-mlecne-napoje"
  },
  {
    "name": "Kozí zahrádka BIO Kefír z kozího mléka",
    "price": "44,90 Kč",
    "unit_price": "136.06 Kč/l",
    "package_amount": "330 ml",
    "subcategory_name": "Mléčné - Farmářské mléko",
    "subcategory_url": "https://www.rohlik.cz/c300105069-bio-a-farmarske-mleko-a-mlecne-napoje"
  },
  {
    "name": "Farma Babina Čerstvé mléko plnotučné bez laktózy",
    "price": "68 Kč",
    "unit_price": "68 Kč/l",
    "package_amount": "1 l",
    "subcategory_name": "Mléčné - Farmářské mléko",
    "subcategory_url": "https://www.rohlik.cz/c300105069-bio-a-farmarske-mleko-a-mlecne-napoje"
  },
  {
    "name": "Farma rodiny Němcovy Francimel probiotický nápoj s jahodami",
    "price": "39,90 Kč",
    "unit_price": "199.5 Kč/l",
    "package_amount": "200 ml",
    "subcategory_name": "Mléčné - Farmářské mléko",
    "subcategory_url": "https://www.rohlik.cz/c300105069-bio-a-farmarske-mleko-a-mlecne-napoje"
  },
  {
    "name": "Alnatura BIO Malina Lassi jogurtový nápoj",
    "price": "42,90 Kč",
    "unit_price": "186.52 Kč/l",
    "package_amount": "230 ml",
    "subcategory_name": "Mléčné - Farmářské mléko",
    "subcategory_url": "https://www.rohlik.cz/c300105069-bio-a-farmarske-mleko-a-mlecne-napoje"
  },
  {
    "name": "Ekofarma Javorník BIO Jogurtové mléko jahoda",
    "price": "42,90 Kč",
    "unit_price": "171.6 Kč/kg",
    "package_amount": "250 g",
    "subcategory_name": "Mléčné - Farmářské mléko",
    "subcategory_url": "https://www.rohlik.cz/c300105069-bio-a-farmarske-mleko-a-mlecne-napoje"
  },
  {
    "name": "Ekofarma Javorník BIO Jogurtové mléko vanilka",
    "price": "39,90 Kč",
    "unit_price": "159.6 Kč/kg",
    "package_amount": "250 g",
    "subcategory_name": "Mléčné - Farmářské mléko",
    "subcategory_url": "https://www.rohlik.cz/c300105069-bio-a-farmarske-mleko-a-mlecne-napoje"
  },
  {
    "name": "Farma rodiny Němcovy Francimel probiotický nápoj s višněmi",
    "price": "35,90 Kč",
    "unit_price": "179.5 Kč/l",
    "package_amount": "200 ml",
    "subcategory_name": "Mléčné - Farmářské mléko",
    "subcategory_url": "https://www.rohlik.cz/c300105069-bio-a-farmarske-mleko-a-mlecne-napoje"
  },
  {
    "name": "Alnatura BIO Mléko trvanlivé plnotučné",
    "price": "57,90 Kč",
    "unit_price": "57.9 Kč/l",
    "package_amount": "1 l",
    "subcategory_name": "Mléčné - Farmářské mléko",
    "subcategory_url": "https://www.rohlik.cz/c300105069-bio-a-farmarske-mleko-a-mlecne-napoje"
  },
  {
    "name": "Alnatura BIO Mléko trvanlivé polotučné",
    "price": "53,90 Kč",
    "unit_price": "53.9 Kč/l",
    "package_amount": "1 l",
    "subcategory_name": "Mléčné - Farmářské mléko",
    "subcategory_url": "https://www.rohlik.cz/c300105069-bio-a-farmarske-mleko-a-mlecne-napoje"
  },
  {
    "name": "Tatra Salko zahuštěné mléko slazené 8%",
    "price": "57,52 Kč",
    "unit_price": "144.89 Kč/kg",
    "package_amount": "397 g",
    "subcategory_name": "Mléčné - Kondenzované",
    "subcategory_url": "https://www.rohlik.cz/c300105004-kondenzovane"
  },
  {
    "name": "Maresi Alpské kondenzované mléko",
    "price": "43,90 Kč",
    "unit_price": "186.02 Kč/l",
    "package_amount": "236 ml",
    "subcategory_name": "Mléčné - Kondenzované",
    "subcategory_url": "https://www.rohlik.cz/c300105004-kondenzovane"
  },
  {
    "name": "Tatra Light zahuštěné neslazené polotučné mléko 4 %",
    "price": "35,90 Kč",
    "unit_price": "105.59 Kč/kg",
    "package_amount": "340 g",
    "subcategory_name": "Mléčné - Kondenzované",
    "subcategory_url": "https://www.rohlik.cz/c300105004-kondenzovane"
  },
  {
    "name": "Tatra Jesenka",
    "price": "30,90 Kč",
    "unit_price": "412 Kč/kg",
    "package_amount": "75 g",
    "subcategory_name": "Mléčné - Kondenzované",
    "subcategory_url": "https://www.rohlik.cz/c300105004-kondenzovane"
  },
  {
    "name": "Caramelo Condé Karamelizované zahuštěné slazené plnotučné mléko",
    "price": "67,10 Kč",
    "unit_price": "169.02 Kč/kg",
    "package_amount": "397 g",
    "subcategory_name": "Mléčné - Kondenzované",
    "subcategory_url": "https://www.rohlik.cz/c300105004-kondenzovane"
  },
  {
    "name": "Tatra Salko zahuštěné mléko slazené bez laktózy 8 %",
    "price": "82,90 Kč",
    "unit_price": "208.82 Kč/kg",
    "package_amount": "397 g",
    "subcategory_name": "Mléčné - Kondenzované",
    "subcategory_url": "https://www.rohlik.cz/c300105004-kondenzovane"
  },
  {
    "name": "Condé Sladké zahuštěné plnotučné mléko",
    "price": "84,90 Kč",
    "unit_price": "212.25 Kč/kg",
    "package_amount": "400 g",
    "subcategory_name": "Mléčné - Kondenzované",
    "subcategory_url": "https://www.rohlik.cz/c300105004-kondenzovane"
  },
  {
    "name": "Miil Tvaroh odtučněný",
    "price": "20,90 Kč",
    "unit_price": "83.6 Kč/kg",
    "package_amount": "250 g",
    "subcategory_name": "Smetany, šlehačky, tvarohy - Tvarohy",
    "subcategory_url": "https://www.rohlik.cz/c300123065-tvarohy"
  },
  {
    "name": "Miil Tvaroh polotučný",
    "price": "22,90 Kč",
    "unit_price": "91.6 Kč/kg",
    "package_amount": "250 g",
    "subcategory_name": "Smetany, šlehačky, tvarohy - Tvarohy",
    "subcategory_url": "https://www.rohlik.cz/c300123065-tvarohy"
  },
  {
    "name": "Miil Tvaroh tučný",
    "price": "24,90 Kč",
    "unit_price": "99.6 Kč/kg",
    "package_amount": "250 g",
    "subcategory_name": "Smetany, šlehačky, tvarohy - Tvarohy",
    "subcategory_url": "https://www.rohlik.cz/c300123065-tvarohy"
  },
  {
    "name": "Milko Tvaroh polotučný",
    "price": "28,90 Kč",
    "unit_price": "115.6 Kč/kg",
    "package_amount": "250 g",
    "subcategory_name": "Smetany, šlehačky, tvarohy - Tvarohy",
    "subcategory_url": "https://www.rohlik.cz/c300123065-tvarohy"
  },
  {
    "name": "Milko Tvaroh tučný",
    "price": "31,23 Kč",
    "unit_price": "124.92 Kč/kg",
    "package_amount": "250 g",
    "subcategory_name": "Smetany, šlehačky, tvarohy - Tvarohy",
    "subcategory_url": "https://www.rohlik.cz/c300123065-tvarohy"
  },
  {
    "name": "Choceňská mlékárna Choceňský jemný tvaroh",
    "price": "33,90 Kč",
    "unit_price": "135.6 Kč/kg",
    "package_amount": "250 g",
    "subcategory_name": "Smetany, šlehačky, tvarohy - Tvarohy",
    "subcategory_url": "https://www.rohlik.cz/c300123065-tvarohy"
  },
  {
    "name": "Madeta Jihočeský tvaroh polotučný",
    "price": "27,90 Kč",
    "unit_price": "111.6 Kč/kg",
    "package_amount": "250 g",
    "subcategory_name": "Smetany, šlehačky, tvarohy - Tvarohy",
    "subcategory_url": "https://www.rohlik.cz/c300123065-tvarohy"
  },
  {
    "name": "Milko BIO Tvaroh měkký odtučněný",
    "price": "26,90 Kč",
    "unit_price": "107.6 Kč/kg",
    "package_amount": "250 g",
    "subcategory_name": "Smetany, šlehačky, tvarohy - Tvarohy",
    "subcategory_url": "https://www.rohlik.cz/c300123065-tvarohy"
  },
  {
    "name": "Milko Tvaroh měkký odtučněný",
    "price": "26,90 Kč",
    "unit_price": "107.6 Kč/kg",
    "package_amount": "250 g",
    "subcategory_name": "Smetany, šlehačky, tvarohy - Tvarohy",
    "subcategory_url": "https://www.rohlik.cz/c300123065-tvarohy"
  },
  {
    "name": "Moravia Olešnický tvaroh jemný 2 % tuku",
    "price": "46,90 Kč",
    "unit_price": "203.91 Kč/kg",
    "package_amount": "230 g",
    "subcategory_name": "Smetany, šlehačky, tvarohy - Tvarohy",
    "subcategory_url": "https://www.rohlik.cz/c300123065-tvarohy"
  },
  {
    "name": "Madeta Jihočeský tvaroh tučný",
    "price": "31,90 Kč",
    "unit_price": "127.6 Kč/kg",
    "package_amount": "250 g",
    "subcategory_name": "Smetany, šlehačky, tvarohy - Tvarohy",
    "subcategory_url": "https://www.rohlik.cz/c300123065-tvarohy"
  },
  {
    "name": "Rohlik.cz BIO Tvaroh",
    "price": "79,90 Kč",
    "unit_price": "266.33 Kč/kg",
    "package_amount": "300 g",
    "subcategory_name": "Smetany, šlehačky, tvarohy - Tvarohy",
    "subcategory_url": "https://www.rohlik.cz/c300123065-tvarohy"
  },
  {
    "name": "Jaroměřická mlékárna Tvaroh tučný",
    "price": "47,90 Kč",
    "unit_price": "191.6 Kč/kg",
    "package_amount": "250 g",
    "subcategory_name": "Smetany, šlehačky, tvarohy - Tvarohy",
    "subcategory_url": "https://www.rohlik.cz/c300123065-tvarohy"
  },
  {
    "name": "Jaroměřická mlékárna Jaroměřický tvaroh tvrdý",
    "price": "46,90 Kč",
    "unit_price": "234.5 Kč/kg",
    "package_amount": "200 g",
    "subcategory_name": "Smetany, šlehačky, tvarohy - Tvarohy",
    "subcategory_url": "https://www.rohlik.cz/c300123065-tvarohy"
  },
  {
    "name": "Jaroměřická mlékárna Tvaroh tvrdý strouhaný",
    "price": "51,90 Kč",
    "unit_price": "259.5 Kč/kg",
    "package_amount": "200 g",
    "subcategory_name": "Smetany, šlehačky, tvarohy - Tvarohy",
    "subcategory_url": "https://www.rohlik.cz/c300123065-tvarohy"
  },
  {
    "name": "Farma Struhy BIO Selský tvaroh měkký",
    "price": "65,90 Kč",
    "unit_price": "263.6 Kč/kg",
    "package_amount": "250 g",
    "subcategory_name": "Smetany, šlehačky, tvarohy - Tvarohy",
    "subcategory_url": "https://www.rohlik.cz/c300123065-tvarohy"
  },
  {
    "name": "Milko Tvaroh tučný kbelík",
    "price": "124,90 Kč",
    "unit_price": "124.9 Kč/kg",
    "package_amount": "1 kg",
    "subcategory_name": "Smetany, šlehačky, tvarohy - Tvarohy",
    "subcategory_url": "https://www.rohlik.cz/c300123065-tvarohy"
  },
  {
    "name": "Moravia Olešnický tvaroh tvrdý",
    "price": "49,90 Kč",
    "unit_price": "249.5 Kč/kg",
    "package_amount": "200 g",
    "subcategory_name": "Smetany, šlehačky, tvarohy - Tvarohy",
    "subcategory_url": "https://www.rohlik.cz/c300123065-tvarohy"
  },
  {
    "name": "Milko Tvaroh měkký odtučněný kbelík",
    "price": "114,90 Kč",
    "unit_price": "114.9 Kč/kg",
    "package_amount": "1 kg",
    "subcategory_name": "Smetany, šlehačky, tvarohy - Tvarohy",
    "subcategory_url": "https://www.rohlik.cz/c300123065-tvarohy"
  },
  {
    "name": "Jaroměřická mlékárna Tvaroh měkký",
    "price": "36,90 Kč",
    "unit_price": "147.6 Kč/kg",
    "package_amount": "250 g",
    "subcategory_name": "Smetany, šlehačky, tvarohy - Tvarohy",
    "subcategory_url": "https://www.rohlik.cz/c300123065-tvarohy"
  },
  {
    "name": "Mlékárna Ohaře Tvaroh tučný",
    "price": "48,50 Kč",
    "unit_price": "202.08 Kč/kg",
    "package_amount": "240 g",
    "subcategory_name": "Smetany, šlehačky, tvarohy - Tvarohy",
    "subcategory_url": "https://www.rohlik.cz/c300123065-tvarohy"
  },
  {
    "name": "Tami Termizovaný odtučněný tvaroh bezlaktózový",
    "price": "29,90 Kč",
    "unit_price": "119.6 Kč/kg",
    "package_amount": "250 g",
    "subcategory_name": "Smetany, šlehačky, tvarohy - Tvarohy",
    "subcategory_url": "https://www.rohlik.cz/c300123065-tvarohy"
  },
  {
    "name": "Farma Struhy BIO Selský tvaroh ochucený borůvka",
    "price": "44,90 Kč",
    "unit_price": "320.71 Kč/kg",
    "package_amount": "140 g",
    "subcategory_name": "Smetany, šlehačky, tvarohy - Tvarohy",
    "subcategory_url": "https://www.rohlik.cz/c300123065-tvarohy"
  },
  {
    "name": "Farma Struhy BIO Selský tvaroh ochucený jahoda",
    "price": "44,90 Kč",
    "unit_price": "320.71 Kč/kg",
    "package_amount": "140 g",
    "subcategory_name": "Smetany, šlehačky, tvarohy - Tvarohy",
    "subcategory_url": "https://www.rohlik.cz/c300123065-tvarohy"
  },
  {
    "name": "Jaroměřická mlékárna Staročeský tvaroh tučný",
    "price": "62,90 Kč",
    "unit_price": "251.6 Kč/kg",
    "package_amount": "250 g",
    "subcategory_name": "Smetany, šlehačky, tvarohy - Tvarohy",
    "subcategory_url": "https://www.rohlik.cz/c300123065-tvarohy"
  },
  {
    "name": "Farma Struhy BIO Selský tvaroh ochucený meruňka",
    "price": "44,90 Kč",
    "unit_price": "320.71 Kč/kg",
    "package_amount": "140 g",
    "subcategory_name": "Smetany, šlehačky, tvarohy - Tvarohy",
    "subcategory_url": "https://www.rohlik.cz/c300123065-tvarohy"
  },
  {
    "name": "Kozí zahrádka BIO Tvaroh měkký",
    "price": "74,90 Kč",
    "unit_price": "499.33 Kč/kg",
    "package_amount": "150 g",
    "subcategory_name": "Smetany, šlehačky, tvarohy - Tvarohy",
    "subcategory_url": "https://www.rohlik.cz/c300123065-tvarohy"
  },
  {
    "name": "Jaroměřická mlékárna Tvaroh jemný",
    "price": "36,90 Kč",
    "unit_price": "147.6 Kč/kg",
    "package_amount": "250 g",
    "subcategory_name": "Smetany, šlehačky, tvarohy - Tvarohy",
    "subcategory_url": "https://www.rohlik.cz/c300123065-tvarohy"
  },
  {
    "name": "Miil Zakysaná smetana 16 % tuku",
    "price": "19,90 Kč",
    "unit_price": "99.5 Kč/kg",
    "package_amount": "200 g",
    "subcategory_name": "Smetany, šlehačky, tvarohy - Zakysané smetany",
    "subcategory_url": "https://www.rohlik.cz/c300105022-zakysane-smetany"
  },
  {
    "name": "Miil Zakysaná smetana 12 % tuku",
    "price": "17,90 Kč",
    "unit_price": "89.5 Kč/kg",
    "package_amount": "200 g",
    "subcategory_name": "Smetany, šlehačky, tvarohy - Zakysané smetany",
    "subcategory_url": "https://www.rohlik.cz/c300105022-zakysane-smetany"
  },
  {
    "name": "Mlékárna Kunín Zakysaná smetana de luxe 20%",
    "price": "37,90 Kč",
    "unit_price": "199.47 Kč/kg",
    "package_amount": "190 g",
    "subcategory_name": "Smetany, šlehačky, tvarohy - Zakysané smetany",
    "subcategory_url": "https://www.rohlik.cz/c300105022-zakysane-smetany"
  },
  {
    "name": "Mlékárna Kunín Smetana zakysaná 15%",
    "price": "27,90 Kč",
    "unit_price": "146.84 Kč/kg",
    "package_amount": "190 g",
    "subcategory_name": "Smetany, šlehačky, tvarohy - Zakysané smetany",
    "subcategory_url": "https://www.rohlik.cz/c300105022-zakysane-smetany"
  },
  {
    "name": "Mlékárna Kunín Zakysaná smetana 12%",
    "price": "23,90 Kč",
    "unit_price": "125.79 Kč/kg",
    "package_amount": "190 g",
    "subcategory_name": "Smetany, šlehačky, tvarohy - Zakysané smetany",
    "subcategory_url": "https://www.rohlik.cz/c300105022-zakysane-smetany"
  },
  {
    "name": "Meggle Bezlaktózová smetana na vaření 10%",
    "price": "35,90 Kč",
    "unit_price": "179.5 Kč/l",
    "package_amount": "200 ml",
    "subcategory_name": "Smetany, šlehačky, tvarohy - Zakysané smetany",
    "subcategory_url": "https://www.rohlik.cz/c300105022-zakysane-smetany"
  },
  {
    "name": "Madeta Jihočeská zakysaná smetana 15% bezlaktózová",
    "price": "29,90 Kč",
    "unit_price": "166.11 Kč/kg",
    "package_amount": "180 g",
    "subcategory_name": "Smetany, šlehačky, tvarohy - Zakysané smetany",
    "subcategory_url": "https://www.rohlik.cz/c300105022-zakysane-smetany"
  },
  {
    "name": "Bohemilk Créme Fraîche smetana 36%",
    "price": "53,90 Kč",
    "unit_price": "269.5 Kč/kg",
    "package_amount": "200 g",
    "subcategory_name": "Smetany, šlehačky, tvarohy - Zakysané smetany",
    "subcategory_url": "https://www.rohlik.cz/c300105022-zakysane-smetany"
  },
  {
    "name": "Mlékárna Kunín Zakysaná smetana krémovitá 15%",
    "price": "49,90 Kč",
    "unit_price": "133.07 Kč/kg",
    "package_amount": "375 g",
    "subcategory_name": "Smetany, šlehačky, tvarohy - Zakysané smetany",
    "subcategory_url": "https://www.rohlik.cz/c300105022-zakysane-smetany"
  },
  {
    "name": "Krajanka zakysaná smetana 10% jahoda",
    "price": "22,90 Kč",
    "unit_price": "176.15 Kč/kg",
    "package_amount": "130 g",
    "subcategory_name": "Smetany, šlehačky, tvarohy - Zakysané smetany",
    "subcategory_url": "https://www.rohlik.cz/c300105022-zakysane-smetany"
  },
  {
    "name": "Rohlik.cz BIO Zakysaná smetana",
    "price": "40,90 Kč",
    "unit_price": "204.5 Kč/l",
    "package_amount": "200 ml",
    "subcategory_name": "Smetany, šlehačky, tvarohy - Zakysané smetany",
    "subcategory_url": "https://www.rohlik.cz/c300105022-zakysane-smetany"
  },
  {
    "name": "Krajanka zakysaná smetana 10% vaječný likér",
    "price": "22,90 Kč",
    "unit_price": "176.15 Kč/kg",
    "package_amount": "130 g",
    "subcategory_name": "Smetany, šlehačky, tvarohy - Zakysané smetany",
    "subcategory_url": "https://www.rohlik.cz/c300105022-zakysane-smetany"
  },
  {
    "name": "Madeta Jihočeská zakysaná smetana 18%",
    "price": "29,90 Kč",
    "unit_price": "166.11 Kč/kg",
    "package_amount": "180 g",
    "subcategory_name": "Smetany, šlehačky, tvarohy - Zakysané smetany",
    "subcategory_url": "https://www.rohlik.cz/c300105022-zakysane-smetany"
  },
  {
    "name": "Olma Kysaná smetana 16%",
    "price": "28,90 Kč",
    "unit_price": "144.5 Kč/kg",
    "package_amount": "200 g",
    "subcategory_name": "Smetany, šlehačky, tvarohy - Zakysané smetany",
    "subcategory_url": "https://www.rohlik.cz/c300105022-zakysane-smetany"
  },
  {
    "name": "Madeta Zakysaná smetana s jahodami bez laktózy",
    "price": "19,30 Kč",
    "unit_price": "148.46 Kč/kg",
    "package_amount": "130 g",
    "subcategory_name": "Smetany, šlehačky, tvarohy - Zakysané smetany",
    "subcategory_url": "https://www.rohlik.cz/c300105022-zakysane-smetany"
  },
  {
    "name": "Mlékárna ValMez Zakysaná smetana 15%",
    "price": "22,90 Kč",
    "unit_price": "127.22 Kč/kg",
    "package_amount": "180 g",
    "subcategory_name": "Smetany, šlehačky, tvarohy - Zakysané smetany",
    "subcategory_url": "https://www.rohlik.cz/c300105022-zakysane-smetany"
  },
  {
    "name": "Erlebnis Sennerei Zakysaná smetana z louky 15 %",
    "price": "41,70 Kč",
    "unit_price": "208.5 Kč/kg",
    "package_amount": "200 g",
    "subcategory_name": "Smetany, šlehačky, tvarohy - Zakysané smetany",
    "subcategory_url": "https://www.rohlik.cz/c300105022-zakysane-smetany"
  },
  {
    "name": "Mlékárna Ohaře Zakysaná smetana",
    "price": "53,40 Kč",
    "unit_price": "213.6 Kč/l",
    "package_amount": "250 ml",
    "subcategory_name": "Smetany, šlehačky, tvarohy - Zakysané smetany",
    "subcategory_url": "https://www.rohlik.cz/c300105022-zakysane-smetany"
  },
  {
    "name": "Meggle Smetana zakysaná 14%",
    "price": "48,50 Kč",
    "unit_price": "129.33 Kč/kg",
    "package_amount": "375 g",
    "subcategory_name": "Smetany, šlehačky, tvarohy - Zakysané smetany",
    "subcategory_url": "https://www.rohlik.cz/c300105022-zakysane-smetany"
  },
  {
    "name": "IDS Creme fraiche z Isigny CHOP",
    "price": "116,70 Kč",
    "unit_price": "291.75 Kč/kg",
    "package_amount": "400 g",
    "subcategory_name": "Smetany, šlehačky, tvarohy - Zakysané smetany",
    "subcategory_url": "https://www.rohlik.cz/c300105022-zakysane-smetany"
  },
  {
    "name": "Vitala Spray creme 19%",
    "price": "42,90 Kč",
    "unit_price": "171.6 Kč/kg",
    "package_amount": "250 g",
    "subcategory_name": "Smetany, šlehačky, tvarohy - Našlehané krémy",
    "subcategory_url": "https://www.rohlik.cz/c300122373-naslehane-kremy"
  },
  {
    "name": "Miil Čerstvá smetana na šlehání 33%",
    "price": "38,90 Kč",
    "unit_price": "155.6 Kč/l",
    "package_amount": "250 ml",
    "subcategory_name": "Smetany, šlehačky, tvarohy - Šlehačky",
    "subcategory_url": "https://www.rohlik.cz/c300105024-smetany-ke-slehani-a-slehacky"
  },
  {
    "name": "Miil Čerstvá smetana ke šlehání 33%",
    "price": "38,90 Kč",
    "unit_price": "155.6 Kč/l",
    "package_amount": "250 ml",
    "subcategory_name": "Smetany, šlehačky, tvarohy - Šlehačky",
    "subcategory_url": "https://www.rohlik.cz/c300105024-smetany-ke-slehani-a-slehacky"
  },
  {
    "name": "Mlékárna Kunín Smetana ke šlehání 31%",
    "price": "39,90 Kč",
    "unit_price": "199.5 Kč/kg",
    "package_amount": "200 g",
    "subcategory_name": "Smetany, šlehačky, tvarohy - Šlehačky",
    "subcategory_url": "https://www.rohlik.cz/c300105024-smetany-ke-slehani-a-slehacky"
  },
  {
    "name": "Mlékárna Kunín Šlehačka de luxe 40%",
    "price": "47,90 Kč",
    "unit_price": "239.5 Kč/kg",
    "package_amount": "200 g",
    "subcategory_name": "Smetany, šlehačky, tvarohy - Šlehačky",
    "subcategory_url": "https://www.rohlik.cz/c300105024-smetany-ke-slehani-a-slehacky"
  },
  {
    "name": "Meggle Bezlaktózová smetana ke šlehání 30%",
    "price": "37,90 Kč",
    "unit_price": "189.5 Kč/l",
    "package_amount": "200 ml",
    "subcategory_name": "Smetany, šlehačky, tvarohy - Šlehačky",
    "subcategory_url": "https://www.rohlik.cz/c300105024-smetany-ke-slehani-a-slehacky"
  },
  {
    "name": "Bohemilk Čerstvá smetana ke šlehání 33 %",
    "price": "46,90 Kč",
    "unit_price": "187.6 Kč/l",
    "package_amount": "250 ml",
    "subcategory_name": "Smetany, šlehačky, tvarohy - Šlehačky",
    "subcategory_url": "https://www.rohlik.cz/c300105024-smetany-ke-slehani-a-slehacky"
  },
  {
    "name": "Madeta Jihočeská smetana ke šlehání trvanlivá 31%",
    "price": "44,90 Kč",
    "unit_price": "179.6 Kč/l",
    "package_amount": "250 ml",
    "subcategory_name": "Smetany, šlehačky, tvarohy - Šlehačky",
    "subcategory_url": "https://www.rohlik.cz/c300105024-smetany-ke-slehani-a-slehacky"
  },
  {
    "name": "Laura Šlehačka ve spreji",
    "price": "66,90 Kč",
    "unit_price": "267.6 Kč/l",
    "package_amount": "250 ml",
    "subcategory_name": "Smetany, šlehačky, tvarohy - Šlehačky",
    "subcategory_url": "https://www.rohlik.cz/c300105024-smetany-ke-slehani-a-slehacky"
  },
  {
    "name": "Rohlik.cz BIO Čerstvá smetana",
    "price": "46,90 Kč",
    "unit_price": "234.5 Kč/l",
    "package_amount": "200 ml",
    "subcategory_name": "Smetany, šlehačky, tvarohy - Šlehačky",
    "subcategory_url": "https://www.rohlik.cz/c300105024-smetany-ke-slehani-a-slehacky"
  },
  {
    "name": "Mlékárna Kunín Smetana ke šlehání 31%",
    "price": "68,90 Kč",
    "unit_price": "183.73 Kč/kg",
    "package_amount": "375 g",
    "subcategory_name": "Smetany, šlehačky, tvarohy - Šlehačky",
    "subcategory_url": "https://www.rohlik.cz/c300105024-smetany-ke-slehani-a-slehacky"
  },
  {
    "name": "Président Professional Šlehačka ve spreji",
    "price": "155,70 Kč",
    "unit_price": "311.4 Kč/kg",
    "package_amount": "500 g",
    "subcategory_name": "Smetany, šlehačky, tvarohy - Šlehačky",
    "subcategory_url": "https://www.rohlik.cz/c300105024-smetany-ke-slehani-a-slehacky"
  },
  {
    "name": "Berchtesgadener Land BIO Smetana ke šlehání bez laktózy",
    "price": "46,90 Kč",
    "unit_price": "234.5 Kč/kg",
    "package_amount": "200 g",
    "subcategory_name": "Smetany, šlehačky, tvarohy - Šlehačky",
    "subcategory_url": "https://www.rohlik.cz/c300105024-smetany-ke-slehani-a-slehacky"
  },
  {
    "name": "Mlékárna Kunín Pařížská šlehačka de luxe 27 %",
    "price": "41,90 Kč",
    "unit_price": "209.5 Kč/kg",
    "package_amount": "200 g",
    "subcategory_name": "Smetany, šlehačky, tvarohy - Šlehačky",
    "subcategory_url": "https://www.rohlik.cz/c300105024-smetany-ke-slehani-a-slehacky"
  },
  {
    "name": "Bohemilk Čerstvá smetana ke šlehání 33%",
    "price": "160,50 Kč",
    "unit_price": "160.5 Kč/l",
    "package_amount": "1 l",
    "subcategory_name": "Smetany, šlehačky, tvarohy - Šlehačky",
    "subcategory_url": "https://www.rohlik.cz/c300105024-smetany-ke-slehani-a-slehacky"
  },
  {
    "name": "Meggle Bezlaktózová šlehačka ve spreji 22%",
    "price": "84,90 Kč",
    "unit_price": "339.6 Kč/l",
    "package_amount": "250 ml",
    "subcategory_name": "Smetany, šlehačky, tvarohy - Šlehačky",
    "subcategory_url": "https://www.rohlik.cz/c300105024-smetany-ke-slehani-a-slehacky"
  },
  {
    "name": "Erlebnis Sennerei Smetana na šlehání 32 %",
    "price": "65,10 Kč",
    "unit_price": "260.4 Kč/l",
    "package_amount": "250 ml",
    "subcategory_name": "Smetany, šlehačky, tvarohy - Šlehačky",
    "subcategory_url": "https://www.rohlik.cz/c300105024-smetany-ke-slehani-a-slehacky"
  },
  {
    "name": "Kapucín Trvanlivá smetana ke šlehání",
    "price": "49,90 Kč",
    "unit_price": "199.6 Kč/l",
    "package_amount": "250 ml",
    "subcategory_name": "Smetany, šlehačky, tvarohy - Šlehačky",
    "subcategory_url": "https://www.rohlik.cz/c300105024-smetany-ke-slehani-a-slehacky"
  },
  {
    "name": "Debic Smetana ve spreji profesionální",
    "price": "379,90 Kč",
    "unit_price": "542.71 Kč/l",
    "package_amount": "0,7 l",
    "subcategory_name": "Smetany, šlehačky, tvarohy - Šlehačky",
    "subcategory_url": "https://www.rohlik.cz/c300105024-smetany-ke-slehani-a-slehacky"
  },
  {
    "name": "Mlékárna Kunín Smetana de luxe s příchutí karamelu",
    "price": "41,90 Kč",
    "unit_price": "209.5 Kč/kg",
    "package_amount": "200 g",
    "subcategory_name": "Smetany, šlehačky, tvarohy - Šlehačky",
    "subcategory_url": "https://www.rohlik.cz/c300105024-smetany-ke-slehani-a-slehacky"
  },
  {
    "name": "Mlékárna Kunín Smetana de luxe s příchutí vanilky",
    "price": "41,90 Kč",
    "unit_price": "209.5 Kč/kg",
    "package_amount": "200 g",
    "subcategory_name": "Smetany, šlehačky, tvarohy - Šlehačky",
    "subcategory_url": "https://www.rohlik.cz/c300105024-smetany-ke-slehani-a-slehacky"
  },
  {
    "name": "Granarolo Panna spray šlehačka ve spreji, slazená",
    "price": "74,90 Kč",
    "unit_price": "299.6 Kč/kg",
    "package_amount": "250 g",
    "subcategory_name": "Smetany, šlehačky, tvarohy - Šlehačky",
    "subcategory_url": "https://www.rohlik.cz/c300105024-smetany-ke-slehani-a-slehacky"
  },
  {
    "name": "Meggle Smetana ke šlehání 30%",
    "price": "49,90 Kč",
    "unit_price": "199.6 Kč/l",
    "package_amount": "250 ml",
    "subcategory_name": "Smetany, šlehačky, tvarohy - Šlehačky",
    "subcategory_url": "https://www.rohlik.cz/c300105024-smetany-ke-slehani-a-slehacky"
  },
  {
    "name": "IDS Creme fraiche z Isigny CHOP",
    "price": "116,70 Kč",
    "unit_price": "291.75 Kč/kg",
    "package_amount": "400 g",
    "subcategory_name": "Smetany, šlehačky, tvarohy - Šlehačky",
    "subcategory_url": "https://www.rohlik.cz/c300105024-smetany-ke-slehani-a-slehacky"
  },
  {
    "name": "Meggle Smetana do kávy 10×10 g",
    "price": "20,90 Kč",
    "unit_price": "209 Kč/kg",
    "package_amount": "100 g",
    "subcategory_name": "Smetany, šlehačky, tvarohy - Do kávy",
    "subcategory_url": "https://www.rohlik.cz/c300105025-smetany-do-kavy"
  },
  {
    "name": "Kapucín Smetana do kávy 10 %",
    "price": "55,90 Kč",
    "unit_price": "180.32 Kč/kg",
    "package_amount": "310 g",
    "subcategory_name": "Smetany, šlehačky, tvarohy - Do kávy",
    "subcategory_url": "https://www.rohlik.cz/c300105025-smetany-do-kavy"
  },
  {
    "name": "Rama Crema 31% rostlinná na šlehání",
    "price": "31,90 Kč",
    "unit_price": "159.5 Kč/l",
    "package_amount": "200 ml",
    "subcategory_name": "Smetany, šlehačky, tvarohy - Rostlinné",
    "subcategory_url": "https://www.rohlik.cz/c300114405-rostlinne-alternativy-smetany"
  },
  {
    "name": "Alpro Sójový výrobek na vaření",
    "price": "39,90 Kč",
    "unit_price": "159.6 Kč/l",
    "package_amount": "250 ml",
    "subcategory_name": "Smetany, šlehačky, tvarohy - Rostlinné",
    "subcategory_url": "https://www.rohlik.cz/c300114405-rostlinne-alternativy-smetany"
  },
  {
    "name": "Alpro Rýžový výrobek na vaření",
    "price": "44,90 Kč",
    "unit_price": "179.6 Kč/l",
    "package_amount": "250 ml",
    "subcategory_name": "Smetany, šlehačky, tvarohy - Rostlinné",
    "subcategory_url": "https://www.rohlik.cz/c300114405-rostlinne-alternativy-smetany"
  },
  {
    "name": "PlantON Creamo",
    "price": "44,70 Kč",
    "unit_price": "223.5 Kč/kg",
    "package_amount": "200 g",
    "subcategory_name": "Smetany, šlehačky, tvarohy - Rostlinné",
    "subcategory_url": "https://www.rohlik.cz/c300114405-rostlinne-alternativy-smetany"
  },
  {
    "name": "Meggle Veganský krém na vaření 15%",
    "price": "35,90 Kč",
    "unit_price": "143.6 Kč/l",
    "package_amount": "250 ml",
    "subcategory_name": "Smetany, šlehačky, tvarohy - Rostlinné",
    "subcategory_url": "https://www.rohlik.cz/c300114405-rostlinne-alternativy-smetany"
  },
  {
    "name": "Alpro Sójový výrobek na vaření",
    "price": "99,90 Kč",
    "unit_price": "99.9 Kč/l",
    "package_amount": "1 l",
    "subcategory_name": "Smetany, šlehačky, tvarohy - Rostlinné",
    "subcategory_url": "https://www.rohlik.cz/c300114405-rostlinne-alternativy-smetany"
  },
  {
    "name": "Alpro Ovesný výrobek na vaření",
    "price": "44,90 Kč",
    "unit_price": "179.6 Kč/l",
    "package_amount": "250 ml",
    "subcategory_name": "Smetany, šlehačky, tvarohy - Rostlinné",
    "subcategory_url": "https://www.rohlik.cz/c300114405-rostlinne-alternativy-smetany"
  },
  {
    "name": "Oatly BIO Ovesný výrobek na vaření",
    "price": "59,90 Kč",
    "unit_price": "239.6 Kč/l",
    "package_amount": "250 ml",
    "subcategory_name": "Smetany, šlehačky, tvarohy - Rostlinné",
    "subcategory_url": "https://www.rohlik.cz/c300114405-rostlinne-alternativy-smetany"
  },
  {
    "name": "Violife Zakysaný krém",
    "price": "94,90 Kč",
    "unit_price": "189.8 Kč/kg",
    "package_amount": "500 g",
    "subcategory_name": "Smetany, šlehačky, tvarohy - Rostlinné",
    "subcategory_url": "https://www.rohlik.cz/c300114405-rostlinne-alternativy-smetany"
  },
  {
    "name": "Oatly! Ovesný výrobek ke šlehání",
    "price": "54,90 Kč",
    "unit_price": "219.6 Kč/l",
    "package_amount": "250 ml",
    "subcategory_name": "Smetany, šlehačky, tvarohy - Rostlinné",
    "subcategory_url": "https://www.rohlik.cz/c300114405-rostlinne-alternativy-smetany"
  },
  {
    "name": "Schlagfix Schlagcreme ve spreji",
    "price": "79,90 Kč",
    "unit_price": "399.5 Kč/l",
    "package_amount": "200 ml",
    "subcategory_name": "Smetany, šlehačky, tvarohy - Rostlinné",
    "subcategory_url": "https://www.rohlik.cz/c300114405-rostlinne-alternativy-smetany"
  },
  {
    "name": "Schlagfix Schoko Traum ve spreji čokoláda",
    "price": "89,90 Kč",
    "unit_price": "449.5 Kč/l",
    "package_amount": "200 ml",
    "subcategory_name": "Smetany, šlehačky, tvarohy - Rostlinné",
    "subcategory_url": "https://www.rohlik.cz/c300114405-rostlinne-alternativy-smetany"
  },
  {
    "name": "Ecomil BIO Krém z kešu ořechů na vaření 8 % tuku",
    "price": "49,90 Kč",
    "unit_price": "249.5 Kč/l",
    "package_amount": "200 ml",
    "subcategory_name": "Smetany, šlehačky, tvarohy - Rostlinné",
    "subcategory_url": "https://www.rohlik.cz/c300114405-rostlinne-alternativy-smetany"
  },
  {
    "name": "Ecomil BIO Krém mandlový na vaření 9 % tuku",
    "price": "44,90 Kč",
    "unit_price": "224.5 Kč/l",
    "package_amount": "200 ml",
    "subcategory_name": "Smetany, šlehačky, tvarohy - Rostlinné",
    "subcategory_url": "https://www.rohlik.cz/c300114405-rostlinne-alternativy-smetany"
  },
  {
    "name": "Alpro Sójový výrobek ke šlehání",
    "price": "59,90 Kč",
    "unit_price": "239.6 Kč/l",
    "package_amount": "250 ml",
    "subcategory_name": "Smetany, šlehačky, tvarohy - Rostlinné",
    "subcategory_url": "https://www.rohlik.cz/c300114405-rostlinne-alternativy-smetany"
  },
  {
    "name": "Nature's Charm Slazené kokosové kondenzované mléko bez cukru",
    "price": "119,90 Kč",
    "unit_price": "374.69 Kč/kg",
    "package_amount": "320 g",
    "subcategory_name": "Smetany, šlehačky, tvarohy - Rostlinné",
    "subcategory_url": "https://www.rohlik.cz/c300114405-rostlinne-alternativy-smetany"
  },
  {
    "name": "Schlagfix Schlagcreme ke šlehání slazené",
    "price": "35,90 Kč",
    "unit_price": "179.5 Kč/l",
    "package_amount": "200 ml",
    "subcategory_name": "Smetany, šlehačky, tvarohy - Rostlinné",
    "subcategory_url": "https://www.rohlik.cz/c300114405-rostlinne-alternativy-smetany"
  },
  {
    "name": "Nature's Charm Slazené kokosové kondenzované mléko",
    "price": "70,90 Kč",
    "unit_price": "354.5 Kč/kg",
    "package_amount": "200 g",
    "subcategory_name": "Smetany, šlehačky, tvarohy - Rostlinné",
    "subcategory_url": "https://www.rohlik.cz/c300114405-rostlinne-alternativy-smetany"
  },
  {
    "name": "Miil Čerstvá smetana na vaření 12%",
    "price": "39,90 Kč",
    "unit_price": "79.8 Kč/l",
    "package_amount": "500 ml",
    "subcategory_name": "Smetany, šlehačky, tvarohy - Na vaření",
    "subcategory_url": "https://www.rohlik.cz/c300105023-smetany-na-vareni"
  },
  {
    "name": "Miil Smetana na vaření 10%",
    "price": "14,90 Kč",
    "unit_price": "82.78 Kč/l",
    "package_amount": "180 ml",
    "subcategory_name": "Smetany, šlehačky, tvarohy - Na vaření",
    "subcategory_url": "https://www.rohlik.cz/c300105023-smetany-na-vareni"
  },
  {
    "name": "Mlékárna Kunín Smetana na vaření 12%",
    "price": "27,90 Kč",
    "unit_price": "139.5 Kč/kg",
    "package_amount": "200 g",
    "subcategory_name": "Smetany, šlehačky, tvarohy - Na vaření",
    "subcategory_url": "https://www.rohlik.cz/c300105023-smetany-na-vareni"
  },
  {
    "name": "Meggle Bezlaktózová smetana ke šlehání 30%",
    "price": "37,90 Kč",
    "unit_price": "189.5 Kč/l",
    "package_amount": "200 ml",
    "subcategory_name": "Smetany, šlehačky, tvarohy - Na vaření",
    "subcategory_url": "https://www.rohlik.cz/c300105023-smetany-na-vareni"
  },
  {
    "name": "Mlékárna Kunín Krémová do omáček 15%",
    "price": "37,90 Kč",
    "unit_price": "189.5 Kč/l",
    "package_amount": "200 ml",
    "subcategory_name": "Smetany, šlehačky, tvarohy - Na vaření",
    "subcategory_url": "https://www.rohlik.cz/c300105023-smetany-na-vareni"
  },
  {
    "name": "Meggle Bezlaktózová smetana na vaření 10%",
    "price": "35,90 Kč",
    "unit_price": "179.5 Kč/l",
    "package_amount": "200 ml",
    "subcategory_name": "Smetany, šlehačky, tvarohy - Na vaření",
    "subcategory_url": "https://www.rohlik.cz/c300105023-smetany-na-vareni"
  },
  {
    "name": "Rohlik.cz BIO Čerstvá smetana",
    "price": "46,90 Kč",
    "unit_price": "234.5 Kč/l",
    "package_amount": "200 ml",
    "subcategory_name": "Smetany, šlehačky, tvarohy - Na vaření",
    "subcategory_url": "https://www.rohlik.cz/c300105023-smetany-na-vareni"
  },
  {
    "name": "Moravia Smetana na vaření čerstvá 12 %",
    "price": "45,90 Kč",
    "unit_price": "91.8 Kč/l",
    "package_amount": "500 ml",
    "subcategory_name": "Smetany, šlehačky, tvarohy - Na vaření",
    "subcategory_url": "https://www.rohlik.cz/c300105023-smetany-na-vareni"
  },
  {
    "name": "Tatra Smetana na vaření 10%",
    "price": "28,10 Kč",
    "unit_price": "112.4 Kč/l",
    "package_amount": "250 ml",
    "subcategory_name": "Smetany, šlehačky, tvarohy - Na vaření",
    "subcategory_url": "https://www.rohlik.cz/c300105023-smetany-na-vareni"
  },
  {
    "name": "Parmalat Chef Smetana na vaření",
    "price": "38,80 Kč",
    "unit_price": "194 Kč/l",
    "package_amount": "200 ml",
    "subcategory_name": "Smetany, šlehačky, tvarohy - Na vaření",
    "subcategory_url": "https://www.rohlik.cz/c300105023-smetany-na-vareni"
  },
  {
    "name": "Granarolo Omáčka Besciamella",
    "price": "33,90 Kč",
    "unit_price": "169.5 Kč/kg",
    "package_amount": "200 g",
    "subcategory_name": "Smetany, šlehačky, tvarohy - Na vaření",
    "subcategory_url": "https://www.rohlik.cz/c300105023-smetany-na-vareni"
  },
  {
    "name": "Mlékárna Kunín Smetana 12%",
    "price": "51,90 Kč",
    "unit_price": "138.4 Kč/kg",
    "package_amount": "375 g",
    "subcategory_name": "Smetany, šlehačky, tvarohy - Na vaření",
    "subcategory_url": "https://www.rohlik.cz/c300105023-smetany-na-vareni"
  },
  {
    "name": "Granarolo Panna cucina krémová smetana na vaření",
    "price": "39,90 Kč",
    "unit_price": "199.5 Kč/kg",
    "package_amount": "200 g",
    "subcategory_name": "Smetany, šlehačky, tvarohy - Na vaření",
    "subcategory_url": "https://www.rohlik.cz/c300105023-smetany-na-vareni"
  },
  {
    "name": "Thomy Les sauce Béchamel omáčka",
    "price": "49,90 Kč",
    "unit_price": "199.6 Kč/l",
    "package_amount": "250 ml",
    "subcategory_name": "Smetany, šlehačky, tvarohy - Na vaření",
    "subcategory_url": "https://www.rohlik.cz/c300105023-smetany-na-vareni"
  },
  {
    "name": "Granarolo UHT Bezlaktózová smetana na vaření 20% (3×100 ml)",
    "price": "72,90 Kč",
    "unit_price": "243 Kč/kg",
    "package_amount": "300 g",
    "subcategory_name": "Smetany, šlehačky, tvarohy - Na vaření",
    "subcategory_url": "https://www.rohlik.cz/c300105023-smetany-na-vareni"
  },
  {
    "name": "Meggle Smetana na vaření 10%",
    "price": "29,90 Kč",
    "unit_price": "166.11 Kč/l",
    "package_amount": "180 ml",
    "subcategory_name": "Smetany, šlehačky, tvarohy - Na vaření",
    "subcategory_url": "https://www.rohlik.cz/c300105023-smetany-na-vareni"
  },
  {
    "name": "Rohlik.cz BIO Čerstvá smetana",
    "price": "46,90 Kč",
    "unit_price": "234.5 Kč/l",
    "package_amount": "200 ml",
    "subcategory_name": "Smetany, šlehačky, tvarohy - BIO",
    "subcategory_url": "https://www.rohlik.cz/c300105072-bio-a-farmarske-smetany-a-slehacky"
  },
  {
    "name": "Milko BIO Zakysaná smetana 15 %",
    "price": "19,90 Kč",
    "unit_price": "113.71 Kč/kg",
    "package_amount": "175 g",
    "subcategory_name": "Smetany, šlehačky, tvarohy - BIO",
    "subcategory_url": "https://www.rohlik.cz/c300105072-bio-a-farmarske-smetany-a-slehacky"
  },
  {
    "name": "Rohlik.cz BIO Zakysaná smetana",
    "price": "40,90 Kč",
    "unit_price": "204.5 Kč/l",
    "package_amount": "200 ml",
    "subcategory_name": "Smetany, šlehačky, tvarohy - BIO",
    "subcategory_url": "https://www.rohlik.cz/c300105072-bio-a-farmarske-smetany-a-slehacky"
  },
  {
    "name": "Berchtesgadener Land BIO Smetana ke šlehání bez laktózy",
    "price": "46,90 Kč",
    "unit_price": "234.5 Kč/kg",
    "package_amount": "200 g",
    "subcategory_name": "Smetany, šlehačky, tvarohy - BIO",
    "subcategory_url": "https://www.rohlik.cz/c300105072-bio-a-farmarske-smetany-a-slehacky"
  }
]