[
  {
    "name": "Korbáčky přírodní pařené",
    "price": "36,90 Kč",
    "unit_price": "738 Kč/kg",
    "package_amount": "50 g",
    "subcategory_name": "Sýry - Dárková balení",
    "subcategory_url": "https://www.rohlik.cz/c300121865-darkove-baleni-a-speciality"
  },
  {
    "name": "MozzarellArt Burrata",
    "price": "83,90 Kč",
    "unit_price": "671.2 Kč/kg",
    "package_amount": "125 g",
    "subcategory_name": "Sýry - Dárková balení",
    "subcategory_url": "https://www.rohlik.cz/c300121865-darkove-baleni-a-speciality"
  },
  {
    "name": "Korbáčky uzené",
    "price": "33,90 Kč",
    "unit_price": "678 Kč/kg",
    "package_amount": "50 g",
    "subcategory_name": "Sýry - Dárková balení",
    "subcategory_url": "https://www.rohlik.cz/c300121865-darkove-baleni-a-speciality"
  },
  {
    "name": "Mliečna Farma Necpaly Turčianské sýrové korbáčky",
    "price": "72,90 Kč",
    "unit_price": "486 Kč/kg",
    "package_amount": "150 g",
    "subcategory_name": "Sýry - Dárková balení",
    "subcategory_url": "https://www.rohlik.cz/c300121865-darkove-baleni-a-speciality"
  },
  {
    "name": "Mliečna Farma Necpaly Turčianské sýrové nitě",
    "price": "56,90 Kč",
    "unit_price": "379.33 Kč/kg",
    "package_amount": "150 g",
    "subcategory_name": "Sýry - Dárková balení",
    "subcategory_url": "https://www.rohlik.cz/c300121865-darkove-baleni-a-speciality"
  },
  {
    "name": "Koliba Jadel přírodní",
    "price": "76,90 Kč",
    "unit_price": "384.5 Kč/kg",
    "package_amount": "200 g",
    "subcategory_name": "Sýry - Dárková balení",
    "subcategory_url": "https://www.rohlik.cz/c300121865-darkove-baleni-a-speciality"
  },
  {
    "name": "Boursin Čerstvý sýr s česnekem a bylinkami",
    "price": "82,60 Kč",
    "unit_price": "550.67 Kč/kg",
    "package_amount": "150 g",
    "subcategory_name": "Sýry - Dárková balení",
    "subcategory_url": "https://www.rohlik.cz/c300121865-darkove-baleni-a-speciality"
  },
  {
    "name": "Le Rustique Brie",
    "price": "91,40 Kč",
    "unit_price": "457 Kč/kg",
    "package_amount": "200 g",
    "subcategory_name": "Sýry - Dárková balení",
    "subcategory_url": "https://www.rohlik.cz/c300121865-darkove-baleni-a-speciality"
  },
  {
    "name": "Caseamo Farmářská Gouda s lanýži freshpack",
    "price": "153,38 Kč",
    "unit_price": "1022.5 Kč/kg",
    "package_amount": "cca 150 g",
    "subcategory_name": "Sýry - Dárková balení",
    "subcategory_url": "https://www.rohlik.cz/c300121865-darkove-baleni-a-speciality"
  },
  {
    "name": "Président Saint Morgon",
    "price": "104,90 Kč",
    "unit_price": "524.5 Kč/kg",
    "package_amount": "200 g",
    "subcategory_name": "Sýry - Dárková balení",
    "subcategory_url": "https://www.rohlik.cz/c300121865-darkove-baleni-a-speciality"
  },
  {
    "name": "Miil Cheddar 51% plátky",
    "price": "52,90 Kč",
    "unit_price": "352.67 Kč/kg",
    "package_amount": "150 g",
    "subcategory_name": "Plátkové sýry - Cheddar",
    "subcategory_url": "https://www.rohlik.cz/c300114183-cheddar"
  },
  {
    "name": "Rohlik.cz Red Cheddar plátky",
    "price": "57,39 Kč",
    "unit_price": "539.9 Kč/kg",
    "package_amount": "cca 110 g",
    "subcategory_name": "Plátkové sýry - Cheddar",
    "subcategory_url": "https://www.rohlik.cz/c300114183-cheddar"
  },
  {
    "name": "Laktos Cheddar 50% plátky",
    "price": "38,80 Kč",
    "unit_price": "388 Kč/kg",
    "package_amount": "100 g",
    "subcategory_name": "Plátkové sýry - Cheddar",
    "subcategory_url": "https://www.rohlik.cz/c300114183-cheddar"
  },
  {
    "name": "Président Cheddar plátkový sýr",
    "price": "43,90 Kč",
    "unit_price": "439 Kč/kg",
    "package_amount": "100 g",
    "subcategory_name": "Plátkové sýry - Cheddar",
    "subcategory_url": "https://www.rohlik.cz/c300114183-cheddar"
  },
  {
    "name": "Dublin Dairy Irish cheddar red plátky",
    "price": "94,90 Kč",
    "unit_price": "632.67 Kč/kg",
    "package_amount": "150 g",
    "subcategory_name": "Plátkové sýry - Cheddar",
    "subcategory_url": "https://www.rohlik.cz/c300114183-cheddar"
  },
  {
    "name": "Dublin Dairy Irish cheddar white plátky",
    "price": "94,90 Kč",
    "unit_price": "632.67 Kč/kg",
    "package_amount": "150 g",
    "subcategory_name": "Plátkové sýry - Cheddar",
    "subcategory_url": "https://www.rohlik.cz/c300114183-cheddar"
  },
  {
    "name": "Rohlik.cz Mild White Cheddar plátky",
    "price": "61,53 Kč",
    "unit_price": "579.9 Kč/kg",
    "package_amount": "cca 110 g",
    "subcategory_name": "Plátkové sýry - Cheddar",
    "subcategory_url": "https://www.rohlik.cz/c300114183-cheddar"
  },
  {
    "name": "Rohlik.cz Oak-Smoked Cheddar plátky",
    "price": "86,69 Kč",
    "unit_price": "769.9 Kč/kg",
    "package_amount": "cca 110 g",
    "subcategory_name": "Plátkové sýry - Cheddar",
    "subcategory_url": "https://www.rohlik.cz/c300114183-cheddar"
  },
  {
    "name": "Singletons Sýr čedar s černým pepřem plátky",
    "price": "129,90 Kč",
    "unit_price": "866 Kč/kg",
    "package_amount": "150 g",
    "subcategory_name": "Plátkové sýry - Cheddar",
    "subcategory_url": "https://www.rohlik.cz/c300114183-cheddar"
  },
  {
    "name": "Singletons Sýr čedar s lanýžem plátky",
    "price": "129,90 Kč",
    "unit_price": "866 Kč/kg",
    "package_amount": "150 g",
    "subcategory_name": "Plátkové sýry - Cheddar",
    "subcategory_url": "https://www.rohlik.cz/c300114183-cheddar"
  },
  {
    "name": "Miil Gouda 47% plátky",
    "price": "34,90 Kč",
    "unit_price": "232.67 Kč/kg",
    "package_amount": "150 g",
    "subcategory_name": "Plátkové sýry - Gouda",
    "subcategory_url": "https://www.rohlik.cz/c300114179-gouda"
  },
  {
    "name": "Président Gouda plátky",
    "price": "29,90 Kč",
    "unit_price": "299 Kč/kg",
    "package_amount": "100 g",
    "subcategory_name": "Plátkové sýry - Gouda",
    "subcategory_url": "https://www.rohlik.cz/c300114179-gouda"
  },
  {
    "name": "Rohlik.cz Gouda holandská 48+",
    "price": "64,90 Kč",
    "unit_price": "613.4 Kč/kg",
    "package_amount": "cca 110 g",
    "subcategory_name": "Plátkové sýry - Gouda",
    "subcategory_url": "https://www.rohlik.cz/c300114179-gouda"
  },
  {
    "name": "Delacto Gouda plátky bez laktózy",
    "price": "49,90 Kč",
    "unit_price": "499 Kč/kg",
    "package_amount": "100 g",
    "subcategory_name": "Plátkové sýry - Gouda",
    "subcategory_url": "https://www.rohlik.cz/c300114179-gouda"
  },
  {
    "name": "Matylda BIO Sýr gouda 48% plátky",
    "price": "45,90 Kč",
    "unit_price": "459 Kč/kg",
    "package_amount": "100 g",
    "subcategory_name": "Plátkové sýry - Gouda",
    "subcategory_url": "https://www.rohlik.cz/c300114179-gouda"
  },
  {
    "name": "Apetito tavené plátky do toustů Gouda",
    "price": "43,90 Kč",
    "unit_price": "337.69 Kč/kg",
    "package_amount": "130 g",
    "subcategory_name": "Plátkové sýry - Gouda",
    "subcategory_url": "https://www.rohlik.cz/c300114179-gouda"
  },
  {
    "name": "Madeta Sýrařův výběr Gouda 48 % plátky",
    "price": "36,90 Kč",
    "unit_price": "369 Kč/kg",
    "package_amount": "100 g",
    "subcategory_name": "Plátkové sýry - Gouda",
    "subcategory_url": "https://www.rohlik.cz/c300114179-gouda"
  },
  {
    "name": "Rohlik.cz Gouda uzená plátky",
    "price": "62,05 Kč",
    "unit_price": "579.9 Kč/kg",
    "package_amount": "cca 110 g",
    "subcategory_name": "Plátkové sýry - Gouda",
    "subcategory_url": "https://www.rohlik.cz/c300114179-gouda"
  },
  {
    "name": "Heinrichsthaler Gouda 48% plátky",
    "price": "74,90 Kč",
    "unit_price": "499.33 Kč/kg",
    "package_amount": "150 g",
    "subcategory_name": "Plátkové sýry - Gouda",
    "subcategory_url": "https://www.rohlik.cz/c300114179-gouda"
  },
  {
    "name": "Laktos Gouda plátky 48%",
    "price": "84,90 Kč",
    "unit_price": "339.6 Kč/kg",
    "package_amount": "250 g",
    "subcategory_name": "Plátkové sýry - Gouda",
    "subcategory_url": "https://www.rohlik.cz/c300114179-gouda"
  },
  {
    "name": "Laktos Gouda 48% plátky",
    "price": "44,90 Kč",
    "unit_price": "449 Kč/kg",
    "package_amount": "100 g",
    "subcategory_name": "Plátkové sýry - Gouda",
    "subcategory_url": "https://www.rohlik.cz/c300114179-gouda"
  },
  {
    "name": "Alnatura BIO Gouda 45% plátky",
    "price": "62,90 Kč",
    "unit_price": "503.2 Kč/kg",
    "package_amount": "125 g",
    "subcategory_name": "Plátkové sýry - Gouda",
    "subcategory_url": "https://www.rohlik.cz/c300114179-gouda"
  },
  {
    "name": "Old Amsterdam plátky",
    "price": "134,90 Kč",
    "unit_price": "899.33 Kč/kg",
    "package_amount": "150 g",
    "subcategory_name": "Plátkové sýry - Gouda",
    "subcategory_url": "https://www.rohlik.cz/c300114179-gouda"
  },
  {
    "name": "Miil Emmental 45% plátky",
    "price": "43,90 Kč",
    "unit_price": "292.67 Kč/kg",
    "package_amount": "150 g",
    "subcategory_name": "Plátkové sýry - Ementálský typ",
    "subcategory_url": "https://www.rohlik.cz/c300114181-ementalsky-typ"
  },
  {
    "name": "Leerdammer Original sýr plátky",
    "price": "44,90 Kč",
    "unit_price": "449 Kč/kg",
    "package_amount": "100 g",
    "subcategory_name": "Plátkové sýry - Ementálský typ",
    "subcategory_url": "https://www.rohlik.cz/c300114181-ementalsky-typ"
  },
  {
    "name": "Leerdammer Proteinový sýr plátky",
    "price": "36,90 Kč",
    "unit_price": "461.25 Kč/kg",
    "package_amount": "80 g",
    "subcategory_name": "Plátkové sýry - Ementálský typ",
    "subcategory_url": "https://www.rohlik.cz/c300114181-ementalsky-typ"
  },
  {
    "name": "Rohlik.cz  Emmental 45% plátky",
    "price": "50,66 Kč",
    "unit_price": "469.94 Kč/kg",
    "package_amount": "cca 110 g",
    "subcategory_name": "Plátkové sýry - Ementálský typ",
    "subcategory_url": "https://www.rohlik.cz/c300114181-ementalsky-typ"
  },
  {
    "name": "Madeta Madeland 45% original plátky",
    "price": "42,90 Kč",
    "unit_price": "429 Kč/kg",
    "package_amount": "100 g",
    "subcategory_name": "Plátkové sýry - Ementálský typ",
    "subcategory_url": "https://www.rohlik.cz/c300114181-ementalsky-typ"
  },
  {
    "name": "Leerdammer Lightlife sýr plátky",
    "price": "44,90 Kč",
    "unit_price": "449 Kč/kg",
    "package_amount": "100 g",
    "subcategory_name": "Plátkové sýry - Ementálský typ",
    "subcategory_url": "https://www.rohlik.cz/c300114181-ementalsky-typ"
  },
  {
    "name": "Leerdammer Original plátky",
    "price": "69,90 Kč",
    "unit_price": "436.88 Kč/kg",
    "package_amount": "160 g",
    "subcategory_name": "Plátkové sýry - Ementálský typ",
    "subcategory_url": "https://www.rohlik.cz/c300114181-ementalsky-typ"
  },
  {
    "name": "Président Emmental plátkový sýr",
    "price": "36,90 Kč",
    "unit_price": "369 Kč/kg",
    "package_amount": "100 g",
    "subcategory_name": "Plátkové sýry - Ementálský typ",
    "subcategory_url": "https://www.rohlik.cz/c300114181-ementalsky-typ"
  },
  {
    "name": "Leerdammer Original Finesse sýr plátky",
    "price": "41,90 Kč",
    "unit_price": "523.75 Kč/kg",
    "package_amount": "80 g",
    "subcategory_name": "Plátkové sýry - Ementálský typ",
    "subcategory_url": "https://www.rohlik.cz/c300114181-ementalsky-typ"
  },
  {
    "name": "Leerdammer Caractere Finesse sýr plátky",
    "price": "41,90 Kč",
    "unit_price": "523.75 Kč/kg",
    "package_amount": "80 g",
    "subcategory_name": "Plátkové sýry - Ementálský typ",
    "subcategory_url": "https://www.rohlik.cz/c300114181-ementalsky-typ"
  },
  {
    "name": "Madeta Madeland Fit 20% plátky",
    "price": "42,90 Kč",
    "unit_price": "429 Kč/kg",
    "package_amount": "100 g",
    "subcategory_name": "Plátkové sýry - Ementálský typ",
    "subcategory_url": "https://www.rohlik.cz/c300114181-ementalsky-typ"
  },
  {
    "name": "Madeta Madeland light 30% plátky",
    "price": "42,90 Kč",
    "unit_price": "429 Kč/kg",
    "package_amount": "100 g",
    "subcategory_name": "Plátkové sýry - Ementálský typ",
    "subcategory_url": "https://www.rohlik.cz/c300114181-ementalsky-typ"
  },
  {
    "name": "Heinrichsthaler Emmental 45% plátky",
    "price": "62,90 Kč",
    "unit_price": "503.2 Kč/kg",
    "package_amount": "125 g",
    "subcategory_name": "Plátkové sýry - Ementálský typ",
    "subcategory_url": "https://www.rohlik.cz/c300114181-ementalsky-typ"
  },
  {
    "name": "Madeta Primator 45% plátky",
    "price": "38,90 Kč",
    "unit_price": "389 Kč/kg",
    "package_amount": "100 g",
    "subcategory_name": "Plátkové sýry - Ementálský typ",
    "subcategory_url": "https://www.rohlik.cz/c300114181-ementalsky-typ"
  },
  {
    "name": "Président Maasdamer plátkový sýr",
    "price": "36,90 Kč",
    "unit_price": "369 Kč/kg",
    "package_amount": "100 g",
    "subcategory_name": "Plátkové sýry - Maasdam",
    "subcategory_url": "https://www.rohlik.cz/c300114187-maasdam"
  },
  {
    "name": "Dublin Dairy Maasdam plátky",
    "price": "44,90 Kč",
    "unit_price": "449 Kč/kg",
    "package_amount": "100 g",
    "subcategory_name": "Plátkové sýry - Maasdam",
    "subcategory_url": "https://www.rohlik.cz/c300114187-maasdam"
  },
  {
    "name": "Leerdammer Proteinový sýr plátky",
    "price": "36,90 Kč",
    "unit_price": "461.25 Kč/kg",
    "package_amount": "80 g",
    "subcategory_name": "Plátkové sýry - Ostatní",
    "subcategory_url": "https://www.rohlik.cz/c300124083-ostatni"
  },
  {
    "name": "Madeta Sýrařův výběr Tylžský sýr 45 % plátky",
    "price": "36,90 Kč",
    "unit_price": "369 Kč/kg",
    "package_amount": "100 g",
    "subcategory_name": "Plátkové sýry - Ostatní",
    "subcategory_url": "https://www.rohlik.cz/c300124083-ostatni"
  },
  {
    "name": "Madeta Sýrařův výběr Moravský bochník 45 % plátky",
    "price": "36,90 Kč",
    "unit_price": "369 Kč/kg",
    "package_amount": "100 g",
    "subcategory_name": "Plátkové sýry - Ostatní",
    "subcategory_url": "https://www.rohlik.cz/c300124083-ostatni"
  },
  {
    "name": "Madeta Lipánek sýr 48% plátky",
    "price": "36,90 Kč",
    "unit_price": "369 Kč/kg",
    "package_amount": "100 g",
    "subcategory_name": "Plátkové sýry - Ostatní",
    "subcategory_url": "https://www.rohlik.cz/c300124083-ostatni"
  },
  {
    "name": "Madeta Sýrařův výběr Tylžský sýr uzený 45 % plátky",
    "price": "36,90 Kč",
    "unit_price": "369 Kč/kg",
    "package_amount": "100 g",
    "subcategory_name": "Plátkové sýry - Ostatní",
    "subcategory_url": "https://www.rohlik.cz/c300124083-ostatni"
  },
  {
    "name": "Lacrum Pernštejn sýr plátkový",
    "price": "29,90 Kč",
    "unit_price": "299 Kč/kg",
    "package_amount": "100 g",
    "subcategory_name": "Plátkové sýry - Ostatní",
    "subcategory_url": "https://www.rohlik.cz/c300124083-ostatni"
  },
  {
    "name": "Lacrum Moravský bochník sýr plátkový",
    "price": "29,90 Kč",
    "unit_price": "299 Kč/kg",
    "package_amount": "100 g",
    "subcategory_name": "Plátkové sýry - Ostatní",
    "subcategory_url": "https://www.rohlik.cz/c300124083-ostatni"
  },
  {
    "name": "Milko Tolštejn protein plátky 30 %",
    "price": "39,90 Kč",
    "unit_price": "399 Kč/kg",
    "package_amount": "100 g",
    "subcategory_name": "Plátkové sýry - Ostatní",
    "subcategory_url": "https://www.rohlik.cz/c300124083-ostatni"
  },
  {
    "name": "Madeta Primator 45% plátky",
    "price": "38,90 Kč",
    "unit_price": "389 Kč/kg",
    "package_amount": "100 g",
    "subcategory_name": "Plátkové sýry - Ostatní",
    "subcategory_url": "https://www.rohlik.cz/c300124083-ostatni"
  },
  {
    "name": "Apetito plátky Tylžský sýr",
    "price": "42,90 Kč",
    "unit_price": "476.67 Kč/kg",
    "package_amount": "90 g",
    "subcategory_name": "Plátkové sýry - Ostatní",
    "subcategory_url": "https://www.rohlik.cz/c300124083-ostatni"
  },
  {
    "name": "Madeta Lipánek sýr 30% plátky",
    "price": "36,90 Kč",
    "unit_price": "369 Kč/kg",
    "package_amount": "100 g",
    "subcategory_name": "Plátkové sýry - Ostatní",
    "subcategory_url": "https://www.rohlik.cz/c300124083-ostatni"
  },
  {
    "name": "Apetito plátky Originál",
    "price": "42,90 Kč",
    "unit_price": "476.67 Kč/kg",
    "package_amount": "90 g",
    "subcategory_name": "Plátkové sýry - Ostatní",
    "subcategory_url": "https://www.rohlik.cz/c300124083-ostatni"
  },
  {
    "name": "Apetito plátky Linie",
    "price": "42,90 Kč",
    "unit_price": "476.67 Kč/kg",
    "package_amount": "90 g",
    "subcategory_name": "Plátkové sýry - Ostatní",
    "subcategory_url": "https://www.rohlik.cz/c300124083-ostatni"
  },
  {
    "name": "Miil BIO Feta sýr P.D.O.",
    "price": "89,90 Kč",
    "unit_price": "499.44 Kč/kg",
    "package_amount": "180 g",
    "subcategory_name": "Sýry dárková balení - BIO a farmářské",
    "subcategory_url": "https://www.rohlik.cz/c300123522-bio-a-farmarske"
  },
  {
    "name": "Matylda BIO Čerstvý smetanový sýr",
    "price": "25,90 Kč",
    "unit_price": "259 Kč/kg",
    "package_amount": "100 g",
    "subcategory_name": "Sýry dárková balení - BIO a farmářské",
    "subcategory_url": "https://www.rohlik.cz/c300123522-bio-a-farmarske"
  },
  {
    "name": "Matylda BIO Sýrové tyčky pařené",
    "price": "42,90 Kč",
    "unit_price": "536.25 Kč/kg",
    "package_amount": "80 g",
    "subcategory_name": "Sýry dárková balení - BIO a farmářské",
    "subcategory_url": "https://www.rohlik.cz/c300123522-bio-a-farmarske"
  },
  {
    "name": "Matylda BIO Sýr gouda 48% plátky",
    "price": "45,90 Kč",
    "unit_price": "459 Kč/kg",
    "package_amount": "100 g",
    "subcategory_name": "Sýry dárková balení - BIO a farmářské",
    "subcategory_url": "https://www.rohlik.cz/c300123522-bio-a-farmarske"
  },
  {
    "name": "Matylda BIO Sýr eidam 30% plátky",
    "price": "45,90 Kč",
    "unit_price": "459 Kč/kg",
    "package_amount": "100 g",
    "subcategory_name": "Sýry dárková balení - BIO a farmářské",
    "subcategory_url": "https://www.rohlik.cz/c300123522-bio-a-farmarske"
  },
  {
    "name": "Biofarma DoRa BIO Pomazánkový kozí sýr bílý",
    "price": "39,80 Kč",
    "unit_price": "398 Kč/kg",
    "package_amount": "100 g",
    "subcategory_name": "Sýry dárková balení - BIO a farmářské",
    "subcategory_url": "https://www.rohlik.cz/c300123522-bio-a-farmarske"
  },
  {
    "name": "Miil BIO Camembert",
    "price": "35,90 Kč",
    "unit_price": "299.17 Kč/kg",
    "package_amount": "120 g",
    "subcategory_name": "Sýry dárková balení - BIO a farmářské",
    "subcategory_url": "https://www.rohlik.cz/c300123522-bio-a-farmarske"
  },
  {
    "name": "Milko BIO Tavený sýr 3v1",
    "price": "26,90 Kč",
    "unit_price": "336.25 Kč/kg",
    "package_amount": "80 g",
    "subcategory_name": "Sýry dárková balení - BIO a farmářské",
    "subcategory_url": "https://www.rohlik.cz/c300123522-bio-a-farmarske"
  },
  {
    "name": "Parmareggio BIO Parmigiano Reggiano DOP parmezán strouhaný",
    "price": "59,90 Kč",
    "unit_price": "1198 Kč/kg",
    "package_amount": "50 g",
    "subcategory_name": "Sýry dárková balení - BIO a farmářské",
    "subcategory_url": "https://www.rohlik.cz/c300123522-bio-a-farmarske"
  },
  {
    "name": "BIO Kozí sýr",
    "price": "106 Kč",
    "unit_price": "876.9 Kč/kg",
    "package_amount": "cca 120 g",
    "subcategory_name": "Sýry dárková balení - BIO a farmářské",
    "subcategory_url": "https://www.rohlik.cz/c300123522-bio-a-farmarske"
  },
  {
    "name": "Alnatura BIO Sýr cottage",
    "price": "43,90 Kč",
    "unit_price": "219.5 Kč/kg",
    "package_amount": "200 g",
    "subcategory_name": "Sýry dárková balení - BIO a farmářské",
    "subcategory_url": "https://www.rohlik.cz/c300123522-bio-a-farmarske"
  },
  {
    "name": "Biofarma DoRa BIO Pomazánkový kozí sýr pažitka",
    "price": "39,80 Kč",
    "unit_price": "398 Kč/kg",
    "package_amount": "100 g",
    "subcategory_name": "Sýry dárková balení - BIO a farmářské",
    "subcategory_url": "https://www.rohlik.cz/c300123522-bio-a-farmarske"
  },
  {
    "name": "Alnatura BIO Čerstvý smetanový sýr",
    "price": "59,90 Kč",
    "unit_price": "342.29 Kč/kg",
    "package_amount": "175 g",
    "subcategory_name": "Sýry dárková balení - BIO a farmářské",
    "subcategory_url": "https://www.rohlik.cz/c300123522-bio-a-farmarske"
  },
  {
    "name": "Rohlik.cz BIO Tavený sýr Mazánek",
    "price": "55,90 Kč",
    "unit_price": "399.29 Kč/kg",
    "package_amount": "140 g",
    "subcategory_name": "Sýry dárková balení - BIO a farmářské",
    "subcategory_url": "https://www.rohlik.cz/c300123522-bio-a-farmarske"
  },
  {
    "name": "Liptov Bryndza letní kostka",
    "price": "52,90 Kč",
    "unit_price": "480.91 Kč/kg",
    "package_amount": "110 g",
    "subcategory_name": "Sýry dárková balení - Ovčí",
    "subcategory_url": "https://www.rohlik.cz/c300123523-ovci"
  },
  {
    "name": "Van Breukelen Kaas Ovčí sýr mladý 8 týdnů výkroj",
    "price": "84,71 Kč",
    "unit_price": "564.7 Kč/kg",
    "package_amount": "cca 150 g",
    "subcategory_name": "Sýry dárková balení - Ovčí",
    "subcategory_url": "https://www.rohlik.cz/c300123523-ovci"
  },
  {
    "name": "Statek Horní Dvorce Ovčí bryndza",
    "price": "89,90 Kč",
    "unit_price": "719.2 Kč/kg",
    "package_amount": "125 g",
    "subcategory_name": "Sýry dárková balení - Ovčí",
    "subcategory_url": "https://www.rohlik.cz/c300123523-ovci"
  },
  {
    "name": "QuattroColli Pecorino Romano Q.C.",
    "price": "186,90 Kč",
    "unit_price": "934.5 Kč/kg",
    "package_amount": "200 g",
    "subcategory_name": "Sýry dárková balení - Ovčí",
    "subcategory_url": "https://www.rohlik.cz/c300123523-ovci"
  },
  {
    "name": "IDS Perail ovčí sýr",
    "price": "56,30 Kč",
    "unit_price": "563 Kč/kg",
    "package_amount": "100 g",
    "subcategory_name": "Sýry dárková balení - Ovčí",
    "subcategory_url": "https://www.rohlik.cz/c300123523-ovci"
  },
  {
    "name": "Statek Horní Dvorce Čerstvý ovčí sýr",
    "price": "79,39 Kč",
    "unit_price": "569.9 Kč/kg",
    "package_amount": "cca 140 g",
    "subcategory_name": "Sýry dárková balení - Ovčí",
    "subcategory_url": "https://www.rohlik.cz/c300123523-ovci"
  },
  {
    "name": "Agrofarma Ovčí hrudka (čtvrtka)",
    "price": "98,64 Kč",
    "unit_price": "535.5 Kč/kg",
    "package_amount": "cca 180 g",
    "subcategory_name": "Sýry dárková balení - Ovčí",
    "subcategory_url": "https://www.rohlik.cz/c300123523-ovci"
  },
  {
    "name": "Fresh Pack Ovčí sýr s bílou plísní",
    "price": "74,99 Kč",
    "unit_price": "749.9 Kč/kg",
    "package_amount": "cca 100 g",
    "subcategory_name": "Sýry dárková balení - Ovčí",
    "subcategory_url": "https://www.rohlik.cz/c300123523-ovci"
  },
  {
    "name": "El Pastor Španělské tapas trio",
    "price": "111,90 Kč",
    "unit_price": "746 Kč/kg",
    "package_amount": "150 g",
    "subcategory_name": "Sýry dárková balení - Ovčí",
    "subcategory_url": "https://www.rohlik.cz/c300123523-ovci"
  },
  {
    "name": "Pinna Vyzrálý sýr Pecorino Sardo Medoro DOP",
    "price": "170,91 Kč",
    "unit_price": "854.55 Kč/kg",
    "package_amount": "200 g",
    "subcategory_name": "Sýry dárková balení - Ovčí",
    "subcategory_url": "https://www.rohlik.cz/c300123523-ovci"
  },
  {
    "name": "Statek Horní Dvorce Čerstvý ovčí sýr s bylinkami",
    "price": "83,60 Kč",
    "unit_price": "569.9 Kč/kg",
    "package_amount": "cca 150 g",
    "subcategory_name": "Sýry dárková balení - Ovčí",
    "subcategory_url": "https://www.rohlik.cz/c300123523-ovci"
  },
  {
    "name": "Formaggeria Toscana Kořeněný ovčí sýr s pistáciemi",
    "price": "78,54 Kč",
    "unit_price": "1122 Kč/kg",
    "package_amount": "70 g",
    "subcategory_name": "Sýry dárková balení - Ovčí",
    "subcategory_url": "https://www.rohlik.cz/c300123523-ovci"
  },
  {
    "name": "El Pastor Manchego semicurado ovčí sýr",
    "price": "144,90 Kč",
    "unit_price": "966 Kč/kg",
    "package_amount": "150 g",
    "subcategory_name": "Sýry dárková balení - Ovčí",
    "subcategory_url": "https://www.rohlik.cz/c300123523-ovci"
  },
  {
    "name": "Rians Brebette čerstvý ovčí sýr",
    "price": "79,70 Kč",
    "unit_price": "531.33 Kč/kg",
    "package_amount": "150 g",
    "subcategory_name": "Sýry dárková balení - Ovčí",
    "subcategory_url": "https://www.rohlik.cz/c300123523-ovci"
  },
  {
    "name": "Bettine Kozí čerstvý sýr natur",
    "price": "62,20 Kč",
    "unit_price": "497.6 Kč/kg",
    "package_amount": "125 g",
    "subcategory_name": "Sýry dárková balení - Kozí",
    "subcategory_url": "https://www.rohlik.cz/c300123525-kozi"
  },
  {
    "name": "Milko Žervé s kozím tvarohem",
    "price": "24,90 Kč",
    "unit_price": "311.25 Kč/kg",
    "package_amount": "80 g",
    "subcategory_name": "Sýry dárková balení - Kozí",
    "subcategory_url": "https://www.rohlik.cz/c300123525-kozi"
  },
  {
    "name": "Lučina Kozí - natur",
    "price": "72,90 Kč",
    "unit_price": "486 Kč/kg",
    "package_amount": "150 g",
    "subcategory_name": "Sýry dárková balení - Kozí",
    "subcategory_url": "https://www.rohlik.cz/c300123525-kozi"
  },
  {
    "name": "Biofarma DoRa BIO Pomazánkový kozí sýr bílý",
    "price": "39,80 Kč",
    "unit_price": "398 Kč/kg",
    "package_amount": "100 g",
    "subcategory_name": "Sýry dárková balení - Kozí",
    "subcategory_url": "https://www.rohlik.cz/c300123525-kozi"
  },
  {
    "name": "Rohlik.cz Mladý kozí sýr výkroj",
    "price": "114,90 Kč",
    "unit_price": "957.5 Kč/kg",
    "package_amount": "120 g",
    "subcategory_name": "Sýry dárková balení - Kozí",
    "subcategory_url": "https://www.rohlik.cz/c300123525-kozi"
  },
  {
    "name": "BIO Kozí sýr",
    "price": "106 Kč",
    "unit_price": "876.9 Kč/kg",
    "package_amount": "cca 120 g",
    "subcategory_name": "Sýry dárková balení - Kozí",
    "subcategory_url": "https://www.rohlik.cz/c300123525-kozi"
  },
  {
    "name": "Président 12Petits Chevres Doux kozí sýr",
    "price": "124,90 Kč",
    "unit_price": "624.5 Kč/kg",
    "package_amount": "200 g",
    "subcategory_name": "Sýry dárková balení - Kozí",
    "subcategory_url": "https://www.rohlik.cz/c300123525-kozi"
  },
  {
    "name": "Président Rondelé s kozím sýrem",
    "price": "51,90 Kč",
    "unit_price": "519 Kč/kg",
    "package_amount": "100 g",
    "subcategory_name": "Sýry dárková balení - Kozí",
    "subcategory_url": "https://www.rohlik.cz/c300123525-kozi"
  },
  {
    "name": "Fresh Pack Kozí sýr s bílou plísní",
    "price": "93 Kč",
    "unit_price": "689.9 Kč/kg",
    "package_amount": "cca 130 g",
    "subcategory_name": "Sýry dárková balení - Kozí",
    "subcategory_url": "https://www.rohlik.cz/c300123525-kozi"
  },
  {
    "name": "Goat Farm Sýr z kozího a ovčího mléka plátky",
    "price": "74,90 Kč",
    "unit_price": "749 Kč/kg",
    "package_amount": "100 g",
    "subcategory_name": "Sýry dárková balení - Kozí",
    "subcategory_url": "https://www.rohlik.cz/c300123525-kozi"
  },
  {
    "name": "Kozí sýr extra zralý výkroj",
    "price": "115,68 Kč",
    "unit_price": "856.9 Kč/kg",
    "package_amount": "cca 140 g",
    "subcategory_name": "Sýry dárková balení - Kozí",
    "subcategory_url": "https://www.rohlik.cz/c300123525-kozi"
  },
  {
    "name": "Président La Buche fondante kozí sýr",
    "price": "129,90 Kč",
    "unit_price": "721.67 Kč/kg",
    "package_amount": "180 g",
    "subcategory_name": "Sýry dárková balení - Kozí",
    "subcategory_url": "https://www.rohlik.cz/c300123525-kozi"
  },
  {
    "name": "Président 6Petits Chévres kozí sýr",
    "price": "84,90 Kč",
    "unit_price": "849 Kč/kg",
    "package_amount": "100 g",
    "subcategory_name": "Sýry dárková balení - Kozí",
    "subcategory_url": "https://www.rohlik.cz/c300123525-kozi"
  },
  {
    "name": "Biofarma DoRa BIO Pomazánkový kozí sýr pažitka",
    "price": "39,80 Kč",
    "unit_price": "398 Kč/kg",
    "package_amount": "100 g",
    "subcategory_name": "Sýry dárková balení - Kozí",
    "subcategory_url": "https://www.rohlik.cz/c300123525-kozi"
  },
  {
    "name": "Miil Mascarpone",
    "price": "49,90 Kč",
    "unit_price": "199.6 Kč/kg",
    "package_amount": "250 g",
    "subcategory_name": "Sýry - Smetanové",
    "subcategory_url": "https://www.rohlik.cz/c300114175-smetanove"
  },
  {
    "name": "Lučina",
    "price": "29,90 Kč",
    "unit_price": "299 Kč/kg",
    "package_amount": "100 g",
    "subcategory_name": "Sýry - Smetanové",
    "subcategory_url": "https://www.rohlik.cz/c300114175-smetanove"
  },
  {
    "name": "Lučina Přírodní pro celou rodinu",
    "price": "62,90 Kč",
    "unit_price": "349.44 Kč/kg",
    "package_amount": "180 g",
    "subcategory_name": "Sýry - Smetanové",
    "subcategory_url": "https://www.rohlik.cz/c300114175-smetanove"
  },
  {
    "name": "Jaroměřická mlékárna Jaroměřické žervé kostka",
    "price": "19,90 Kč",
    "unit_price": "199 Kč/kg",
    "package_amount": "100 g",
    "subcategory_name": "Sýry - Smetanové",
    "subcategory_url": "https://www.rohlik.cz/c300114175-smetanove"
  },
  {
    "name": "Gervais Original krémový tvarohový sýr",
    "price": "53,90 Kč",
    "unit_price": "317.06 Kč/kg",
    "package_amount": "170 g",
    "subcategory_name": "Sýry - Smetanové",
    "subcategory_url": "https://www.rohlik.cz/c300114175-smetanove"
  },
  {
    "name": "Matylda BIO Čerstvý smetanový sýr",
    "price": "25,90 Kč",
    "unit_price": "259 Kč/kg",
    "package_amount": "100 g",
    "subcategory_name": "Sýry - Smetanové",
    "subcategory_url": "https://www.rohlik.cz/c300114175-smetanove"
  },
  {
    "name": "Smetanito Smetanové giga tavený sýr",
    "price": "69,90 Kč",
    "unit_price": "349.5 Kč/kg",
    "package_amount": "200 g",
    "subcategory_name": "Sýry - Smetanové",
    "subcategory_url": "https://www.rohlik.cz/c300114175-smetanove"
  },
  {
    "name": "Lučina Linie",
    "price": "42,90 Kč",
    "unit_price": "357.5 Kč/kg",
    "package_amount": "120 g",
    "subcategory_name": "Sýry - Smetanové",
    "subcategory_url": "https://www.rohlik.cz/c300114175-smetanove"
  },
  {
    "name": "Milko Žervé krémové",
    "price": "24,90 Kč",
    "unit_price": "311.25 Kč/kg",
    "package_amount": "80 g",
    "subcategory_name": "Sýry - Smetanové",
    "subcategory_url": "https://www.rohlik.cz/c300114175-smetanove"
  },
  {
    "name": "Gervais Original krémový tvarohový sýr",
    "price": "29,90 Kč",
    "unit_price": "373.75 Kč/kg",
    "package_amount": "80 g",
    "subcategory_name": "Sýry - Smetanové",
    "subcategory_url": "https://www.rohlik.cz/c300114175-smetanove"
  },
  {
    "name": "Philadelphia Original Smetanový sýr",
    "price": "68 Kč",
    "unit_price": "340 Kč/kg",
    "package_amount": "200 g",
    "subcategory_name": "Sýry - Smetanové",
    "subcategory_url": "https://www.rohlik.cz/c300114175-smetanove"
  },
  {
    "name": "Gervais Original FIT protein",
    "price": "53,90 Kč",
    "unit_price": "317.06 Kč/kg",
    "package_amount": "170 g",
    "subcategory_name": "Sýry - Smetanové",
    "subcategory_url": "https://www.rohlik.cz/c300114175-smetanove"
  },
  {
    "name": "Lučina Svěží žervé",
    "price": "44,90 Kč",
    "unit_price": "320.71 Kč/kg",
    "package_amount": "140 g",
    "subcategory_name": "Sýry - Smetanové",
    "subcategory_url": "https://www.rohlik.cz/c300114175-smetanove"
  },
  {
    "name": "Jaroměřická mlékárna Jaroměřické žervé",
    "price": "36,90 Kč",
    "unit_price": "246 Kč/kg",
    "package_amount": "150 g",
    "subcategory_name": "Sýry - Smetanové",
    "subcategory_url": "https://www.rohlik.cz/c300114175-smetanove"
  },
  {
    "name": "Miil Cottage sýr",
    "price": "26,90 Kč",
    "unit_price": "134.5 Kč/kg",
    "package_amount": "200 g",
    "subcategory_name": "Sýry - Cottage",
    "subcategory_url": "https://www.rohlik.cz/c300114171-cottage"
  },
  {
    "name": "Madeta Jihočeský cottage sýr bez příchuti",
    "price": "29,90 Kč",
    "unit_price": "199.33 Kč/kg",
    "package_amount": "150 g",
    "subcategory_name": "Sýry - Cottage",
    "subcategory_url": "https://www.rohlik.cz/c300114171-cottage"
  },
  {
    "name": "Madeta Jihočeský cottage sýr Fit",
    "price": "29,90 Kč",
    "unit_price": "199.33 Kč/kg",
    "package_amount": "150 g",
    "subcategory_name": "Sýry - Cottage",
    "subcategory_url": "https://www.rohlik.cz/c300114171-cottage"
  },
  {
    "name": "Meggle Cottage sýr light",
    "price": "40,90 Kč",
    "unit_price": "227.22 Kč/kg",
    "package_amount": "180 g",
    "subcategory_name": "Sýry - Cottage",
    "subcategory_url": "https://www.rohlik.cz/c300114171-cottage"
  },
  {
    "name": "Madeta Jihočeský natur cottage bez laktózy 7 %",
    "price": "32,90 Kč",
    "unit_price": "219.33 Kč/kg",
    "package_amount": "150 g",
    "subcategory_name": "Sýry - Cottage",
    "subcategory_url": "https://www.rohlik.cz/c300114171-cottage"
  },
  {
    "name": "Meggle Cottage sýr přírodní",
    "price": "40,90 Kč",
    "unit_price": "227.22 Kč/kg",
    "package_amount": "180 g",
    "subcategory_name": "Sýry - Cottage",
    "subcategory_url": "https://www.rohlik.cz/c300114171-cottage"
  },
  {
    "name": "Meggle Cottage sýr bezlaktózový",
    "price": "45,90 Kč",
    "unit_price": "255 Kč/kg",
    "package_amount": "180 g",
    "subcategory_name": "Sýry - Cottage",
    "subcategory_url": "https://www.rohlik.cz/c300114171-cottage"
  },
  {
    "name": "Madeta High protein cottage natur",
    "price": "42,90 Kč",
    "unit_price": "214.5 Kč/kg",
    "package_amount": "200 g",
    "subcategory_name": "Sýry - Cottage",
    "subcategory_url": "https://www.rohlik.cz/c300114171-cottage"
  },
  {
    "name": "Madeta Jihočeský cottage natur XXL",
    "price": "39,90 Kč",
    "unit_price": "199.5 Kč/kg",
    "package_amount": "200 g",
    "subcategory_name": "Sýry - Cottage",
    "subcategory_url": "https://www.rohlik.cz/c300114171-cottage"
  },
  {
    "name": "Alnatura BIO Sýr cottage",
    "price": "43,90 Kč",
    "unit_price": "219.5 Kč/kg",
    "package_amount": "200 g",
    "subcategory_name": "Sýry - Cottage",
    "subcategory_url": "https://www.rohlik.cz/c300114171-cottage"
  },
  {
    "name": "Meggle Cottage sýr s chilli",
    "price": "40,90 Kč",
    "unit_price": "227.22 Kč/kg",
    "package_amount": "180 g",
    "subcategory_name": "Sýry - Cottage",
    "subcategory_url": "https://www.rohlik.cz/c300114171-cottage"
  },
  {
    "name": "Meggle Cottage sýr s pažitkou",
    "price": "40,90 Kč",
    "unit_price": "227.22 Kč/kg",
    "package_amount": "180 g",
    "subcategory_name": "Sýry - Cottage",
    "subcategory_url": "https://www.rohlik.cz/c300114171-cottage"
  },
  {
    "name": "Smetanito Smetanové giga tavený sýr",
    "price": "69,90 Kč",
    "unit_price": "349.5 Kč/kg",
    "package_amount": "200 g",
    "subcategory_name": "Sýry - Tavené",
    "subcategory_url": "https://www.rohlik.cz/c300123488-tavene"
  },
  {
    "name": "Kiri Sýr přírodní",
    "price": "44,90 Kč",
    "unit_price": "449 Kč/kg",
    "package_amount": "100 g",
    "subcategory_name": "Sýry - Tavené",
    "subcategory_url": "https://www.rohlik.cz/c300123488-tavene"
  },
  {
    "name": "Président Cheddar sýr toast plátky",
    "price": "74,90 Kč",
    "unit_price": "374.5 Kč/kg",
    "package_amount": "200 g",
    "subcategory_name": "Sýry - Tavené",
    "subcategory_url": "https://www.rohlik.cz/c300123488-tavene"
  },
  {
    "name": "Veselá kráva lahodná",
    "price": "36,90 Kč",
    "unit_price": "307.5 Kč/kg",
    "package_amount": "120 g",
    "subcategory_name": "Sýry - Tavené",
    "subcategory_url": "https://www.rohlik.cz/c300123488-tavene"
  },
  {
    "name": "Veselá Kráva Sýr a křup 4 ks",
    "price": "64,90 Kč",
    "unit_price": "463.57 Kč/kg",
    "package_amount": "140 g",
    "subcategory_name": "Sýry - Tavené",
    "subcategory_url": "https://www.rohlik.cz/c300123488-tavene"
  },
  {
    "name": "Kiri Křup Tavený sýr a trvanlivé pečivo",
    "price": "19,90 Kč",
    "unit_price": "568.57 Kč/kg",
    "package_amount": "35 g",
    "subcategory_name": "Sýry - Tavené",
    "subcategory_url": "https://www.rohlik.cz/c300123488-tavene"
  },
  {
    "name": "Apetito tavené plátky do toustů Gouda",
    "price": "43,90 Kč",
    "unit_price": "337.69 Kč/kg",
    "package_amount": "130 g",
    "subcategory_name": "Sýry - Tavené",
    "subcategory_url": "https://www.rohlik.cz/c300123488-tavene"
  },
  {
    "name": "Eru Gouda tavený sýr",
    "price": "38,90 Kč",
    "unit_price": "389 Kč/kg",
    "package_amount": "100 g",
    "subcategory_name": "Sýry - Tavené",
    "subcategory_url": "https://www.rohlik.cz/c300123488-tavene"
  },
  {
    "name": "Madeta Jihočeské Lipno extra smetanové",
    "price": "39,90 Kč",
    "unit_price": "285 Kč/kg",
    "package_amount": "140 g",
    "subcategory_name": "Sýry - Tavené",
    "subcategory_url": "https://www.rohlik.cz/c300123488-tavene"
  },
  {
    "name": "Kiri Křup Tavený sýr a trvanlivé pečivo family pack 3×35 g",
    "price": "59,90 Kč",
    "unit_price": "570.48 Kč/kg",
    "package_amount": "105 g",
    "subcategory_name": "Sýry - Tavené",
    "subcategory_url": "https://www.rohlik.cz/c300123488-tavene"
  },
  {
    "name": "Veselá kráva Sýr a křup s šunkovou příchutí",
    "price": "17,90 Kč",
    "unit_price": "511.43 Kč/kg",
    "package_amount": "35 g",
    "subcategory_name": "Sýry - Tavené",
    "subcategory_url": "https://www.rohlik.cz/c300123488-tavene"
  },
  {
    "name": "Kiri Křup tavený sýr a pizza tyčinky",
    "price": "19,90 Kč",
    "unit_price": "568.57 Kč/kg",
    "package_amount": "35 g",
    "subcategory_name": "Sýry - Tavené",
    "subcategory_url": "https://www.rohlik.cz/c300123488-tavene"
  },
  {
    "name": "Milko BIO Tavený sýr 3v1",
    "price": "26,90 Kč",
    "unit_price": "336.25 Kč/kg",
    "package_amount": "80 g",
    "subcategory_name": "Sýry - Tavené",
    "subcategory_url": "https://www.rohlik.cz/c300123488-tavene"
  },
  {
    "name": "Madeta Jihočeské Lipno se šunkou",
    "price": "39,90 Kč",
    "unit_price": "285 Kč/kg",
    "package_amount": "140 g",
    "subcategory_name": "Sýry - Tavené",
    "subcategory_url": "https://www.rohlik.cz/c300123488-tavene"
  },
  {
    "name": "Rohlik.cz Eidam 30% strouhaný",
    "price": "36,45 Kč",
    "unit_price": "329.9 Kč/kg",
    "package_amount": "cca 110 g",
    "subcategory_name": "Čerstvě krájené - Strouhané",
    "subcategory_url": "https://www.rohlik.cz/c300123217-cerstve-krajene-strouhane-syry"
  },
  {
    "name": "Rohlik.cz Red Cheddar strouhaný",
    "price": "64,07 Kč",
    "unit_price": "599.9 Kč/kg",
    "package_amount": "cca 110 g",
    "subcategory_name": "Čerstvě krájené - Strouhané",
    "subcategory_url": "https://www.rohlik.cz/c300123217-cerstve-krajene-strouhane-syry"
  },
  {
    "name": "Rohlik.cz Mozzarella 40+ strouhaná",
    "price": "58,18 Kč",
    "unit_price": "549.9 Kč/kg",
    "package_amount": "cca 110 g",
    "subcategory_name": "Čerstvě krájené - Strouhané",
    "subcategory_url": "https://www.rohlik.cz/c300123217-cerstve-krajene-strouhane-syry"
  },
  {
    "name": "Eidam výkroj 30%",
    "price": "53,87 Kč",
    "unit_price": "339.9 Kč/kg",
    "package_amount": "cca 160 g",
    "subcategory_name": "Čerstvě krájené - Výkroje",
    "subcategory_url": "https://www.rohlik.cz/c300120610-cerstve-krajene-syrove-vykroje"
  },
  {
    "name": "Rohlik.cz Gorgonzola spoonable PDO",
    "price": "89,80 Kč",
    "unit_price": "699.9 Kč/kg",
    "package_amount": "cca 130 g",
    "subcategory_name": "Čerstvě krájené - Výkroje",
    "subcategory_url": "https://www.rohlik.cz/c300120610-cerstve-krajene-syrove-vykroje"
  },
  {
    "name": "Rohlik.cz Red Cheddar výkroj",
    "price": "80,17 Kč",
    "unit_price": "519.9 Kč/kg",
    "package_amount": "cca 150 g",
    "subcategory_name": "Čerstvě krájené - Výkroje",
    "subcategory_url": "https://www.rohlik.cz/c300120610-cerstve-krajene-syrove-vykroje"
  },
  {
    "name": "Eidam výkroj 40%",
    "price": "56,02 Kč",
    "unit_price": "349.9 Kč/kg",
    "package_amount": "cca 160 g",
    "subcategory_name": "Čerstvě krájené - Výkroje",
    "subcategory_url": "https://www.rohlik.cz/c300120610-cerstve-krajene-syrove-vykroje"
  },
  {
    "name": "Rohlik.cz Řecká feta sýr P.D.O.",
    "price": "92,96 Kč",
    "unit_price": "569.96 Kč/kg",
    "package_amount": "cca 160 g",
    "subcategory_name": "Čerstvě krájené - Výkroje",
    "subcategory_url": "https://www.rohlik.cz/c300120610-cerstve-krajene-syrove-vykroje"
  },
  {
    "name": "Rohlik.cz Tete de Moine AOP",
    "price": "178,35 Kč",
    "unit_price": "1649.9 Kč/kg",
    "package_amount": "cca 110 g",
    "subcategory_name": "Čerstvě krájené - Výkroje",
    "subcategory_url": "https://www.rohlik.cz/c300120610-cerstve-krajene-syrove-vykroje"
  },
  {
    "name": "Rohlik.cz Mild White Cheddar výkroj",
    "price": "90,44 Kč",
    "unit_price": "569.9 Kč/kg",
    "package_amount": "cca 160 g",
    "subcategory_name": "Čerstvě krájené - Výkroje",
    "subcategory_url": "https://www.rohlik.cz/c300120610-cerstve-krajene-syrove-vykroje"
  },
  {
    "name": "Rohlik.cz Provolone výkroj",
    "price": "94,30 Kč",
    "unit_price": "599.9 Kč/kg",
    "package_amount": "cca 160 g",
    "subcategory_name": "Čerstvě krájené - Výkroje",
    "subcategory_url": "https://www.rohlik.cz/c300120610-cerstve-krajene-syrove-vykroje"
  },
  {
    "name": "Rohlik.cz Provolone uzené výkroj",
    "price": "95,74 Kč",
    "unit_price": "599.9 Kč/kg",
    "package_amount": "cca 160 g",
    "subcategory_name": "Čerstvě krájené - Výkroje",
    "subcategory_url": "https://www.rohlik.cz/c300120610-cerstve-krajene-syrove-vykroje"
  },
  {
    "name": "Rohlik.cz Oak-Smoked Cheddar výkroj",
    "price": "122,80 Kč",
    "unit_price": "759.9 Kč/kg",
    "package_amount": "cca 160 g",
    "subcategory_name": "Čerstvě krájené - Výkroje",
    "subcategory_url": "https://www.rohlik.cz/c300120610-cerstve-krajene-syrove-vykroje"
  },
  {
    "name": "Rohlik.cz Gorgonzola spicy PDO \"Il Bacco Verde\" výkroj",
    "price": "108,27 Kč",
    "unit_price": "847.2 Kč/kg",
    "package_amount": "cca 130 g",
    "subcategory_name": "Čerstvě krájené - Výkroje",
    "subcategory_url": "https://www.rohlik.cz/c300120610-cerstve-krajene-syrove-vykroje"
  },
  {
    "name": "Rohlik.cz Sýrové nitě přírodní",
    "price": "69,80 Kč",
    "unit_price": "649.9 Kč/kg",
    "package_amount": "cca 110 g",
    "subcategory_name": "Čerstvě krájené - Tapas",
    "subcategory_url": "https://www.rohlik.cz/c300121397-cerstve-krajene-syry-tapas"
  },
  {
    "name": "Rohlik.cz Sýrové nitě uzené",
    "price": "68,56 Kč",
    "unit_price": "649.9 Kč/kg",
    "package_amount": "cca 110 g",
    "subcategory_name": "Čerstvě krájené - Tapas",
    "subcategory_url": "https://www.rohlik.cz/c300121397-cerstve-krajene-syry-tapas"
  },
  {
    "name": "Rohlik.cz Sýrové korbáčky přírodní",
    "price": "79,49 Kč",
    "unit_price": "749.9 Kč/kg",
    "package_amount": "cca 110 g",
    "subcategory_name": "Čerstvě krájené - Tapas",
    "subcategory_url": "https://www.rohlik.cz/c300121397-cerstve-krajene-syry-tapas"
  },
  {
    "name": "Rohlik.cz Gorgonzola spoonable PDO",
    "price": "89,80 Kč",
    "unit_price": "699.9 Kč/kg",
    "package_amount": "cca 130 g",
    "subcategory_name": "Čerstvě krájené - Tapas",
    "subcategory_url": "https://www.rohlik.cz/c300121397-cerstve-krajene-syry-tapas"
  },
  {
    "name": "Rohlik.cz Sýrové korbáčky uzené",
    "price": "73,91 Kč",
    "unit_price": "699.9 Kč/kg",
    "package_amount": "cca 110 g",
    "subcategory_name": "Čerstvě krájené - Tapas",
    "subcategory_url": "https://www.rohlik.cz/c300121397-cerstve-krajene-syry-tapas"
  },
  {
    "name": "Rohlik.cz Sýrové uzlíky uzené",
    "price": "99,04 Kč",
    "unit_price": "649.9 Kč/kg",
    "package_amount": "cca 150 g",
    "subcategory_name": "Čerstvě krájené - Tapas",
    "subcategory_url": "https://www.rohlik.cz/c300121397-cerstve-krajene-syry-tapas"
  },
  {
    "name": "Rohlik.cz North holland gouda dvouletá PDO",
    "price": "119,90 Kč",
    "unit_price": "799.33 Kč/kg",
    "package_amount": "150 g",
    "subcategory_name": "Čerstvě krájené - Tapas",
    "subcategory_url": "https://www.rohlik.cz/c300121397-cerstve-krajene-syry-tapas"
  },
  {
    "name": "Rohlik.cz Tete de Moine AOP",
    "price": "178,35 Kč",
    "unit_price": "1649.9 Kč/kg",
    "package_amount": "cca 110 g",
    "subcategory_name": "Čerstvě krájené - Tapas",
    "subcategory_url": "https://www.rohlik.cz/c300121397-cerstve-krajene-syry-tapas"
  },
  {
    "name": "Rohlik.cz Red Cheddar tapas",
    "price": "99,90 Kč",
    "unit_price": "666 Kč/kg",
    "package_amount": "150 g",
    "subcategory_name": "Čerstvě krájené - Tapas",
    "subcategory_url": "https://www.rohlik.cz/c300121397-cerstve-krajene-syry-tapas"
  },
  {
    "name": "Rohlik.cz Gouda holandská 48+ tapas",
    "price": "119,90 Kč",
    "unit_price": "799.33 Kč/kg",
    "package_amount": "150 g",
    "subcategory_name": "Čerstvě krájené - Tapas",
    "subcategory_url": "https://www.rohlik.cz/c300121397-cerstve-krajene-syry-tapas"
  },
  {
    "name": "Rohlik.cz Gorgonzola spicy PDO \"Il Bacco Verde\" tapas",
    "price": "119,90 Kč",
    "unit_price": "799.33 Kč/kg",
    "package_amount": "150 g",
    "subcategory_name": "Čerstvě krájené - Tapas",
    "subcategory_url": "https://www.rohlik.cz/c300121397-cerstve-krajene-syry-tapas"
  },
  {
    "name": "Rohlik.cz Provolone uzené tapas",
    "price": "109,90 Kč",
    "unit_price": "732.67 Kč/kg",
    "package_amount": "150 g",
    "subcategory_name": "Čerstvě krájené - Tapas",
    "subcategory_url": "https://www.rohlik.cz/c300121397-cerstve-krajene-syry-tapas"
  },
  {
    "name": "Rohlik.cz Gouda holandská 48+",
    "price": "64,90 Kč",
    "unit_price": "613.4 Kč/kg",
    "package_amount": "cca 110 g",
    "subcategory_name": "Čerstvě krájené - Plátkové",
    "subcategory_url": "https://www.rohlik.cz/c300120609-cerstve-krajene-platkove-syry"
  },
  {
    "name": "Rohlik.cz  Emmental 45% plátky",
    "price": "50,66 Kč",
    "unit_price": "469.94 Kč/kg",
    "package_amount": "cca 110 g",
    "subcategory_name": "Čerstvě krájené - Plátkové",
    "subcategory_url": "https://www.rohlik.cz/c300120609-cerstve-krajene-platkove-syry"
  },
  {
    "name": "Rohlik.cz Red Cheddar plátky",
    "price": "57,39 Kč",
    "unit_price": "539.9 Kč/kg",
    "package_amount": "cca 110 g",
    "subcategory_name": "Čerstvě krájené - Plátkové",
    "subcategory_url": "https://www.rohlik.cz/c300120609-cerstve-krajene-platkove-syry"
  },
  {
    "name": "Rohlik.cz Mozzarella 40+",
    "price": "49,25 Kč",
    "unit_price": "469.9 Kč/kg",
    "package_amount": "cca 100 g",
    "subcategory_name": "Čerstvě krájené - Plátkové",
    "subcategory_url": "https://www.rohlik.cz/c300120609-cerstve-krajene-platkove-syry"
  },
  {
    "name": "Rohlik.cz Kozí sýr plátky",
    "price": "74,56 Kč",
    "unit_price": "669.9 Kč/kg",
    "package_amount": "cca 110 g",
    "subcategory_name": "Čerstvě krájené - Plátkové",
    "subcategory_url": "https://www.rohlik.cz/c300120609-cerstve-krajene-platkove-syry"
  },
  {
    "name": "Rohlik.cz Gouda uzená plátky",
    "price": "62,05 Kč",
    "unit_price": "579.9 Kč/kg",
    "package_amount": "cca 110 g",
    "subcategory_name": "Čerstvě krájené - Plátkové",
    "subcategory_url": "https://www.rohlik.cz/c300120609-cerstve-krajene-platkove-syry"
  },
  {
    "name": "Rohlik.cz Provolone",
    "price": "68,75 Kč",
    "unit_price": "619.9 Kč/kg",
    "package_amount": "cca 110 g",
    "subcategory_name": "Čerstvě krájené - Plátkové",
    "subcategory_url": "https://www.rohlik.cz/c300120609-cerstve-krajene-platkove-syry"
  },
  {
    "name": "Eidam plátky 40%",
    "price": "73,86 Kč",
    "unit_price": "349.9 Kč/kg",
    "package_amount": "cca 210 g",
    "subcategory_name": "Čerstvě krájené - Plátkové",
    "subcategory_url": "https://www.rohlik.cz/c300120609-cerstve-krajene-platkove-syry"
  },
  {
    "name": "Rohlik.cz Provolone uzené",
    "price": "66,14 Kč",
    "unit_price": "619.9 Kč/kg",
    "package_amount": "cca 110 g",
    "subcategory_name": "Čerstvě krájené - Plátkové",
    "subcategory_url": "https://www.rohlik.cz/c300120609-cerstve-krajene-platkove-syry"
  },
  {
    "name": "Rohlik.cz Mild White Cheddar plátky",
    "price": "61,53 Kč",
    "unit_price": "579.9 Kč/kg",
    "package_amount": "cca 110 g",
    "subcategory_name": "Čerstvě krájené - Plátkové",
    "subcategory_url": "https://www.rohlik.cz/c300120609-cerstve-krajene-platkove-syry"
  },
  {
    "name": "Rohlik.cz Holandský Edammer plátky",
    "price": "64,13 Kč",
    "unit_price": "599.9 Kč/kg",
    "package_amount": "cca 110 g",
    "subcategory_name": "Čerstvě krájené - Plátkové",
    "subcategory_url": "https://www.rohlik.cz/c300120609-cerstve-krajene-platkove-syry"
  },
  {
    "name": "Rohlik.cz Emmental uzený plátky",
    "price": "73,54 Kč",
    "unit_price": "689.9 Kč/kg",
    "package_amount": "cca 110 g",
    "subcategory_name": "Čerstvě krájené - Plátkové",
    "subcategory_url": "https://www.rohlik.cz/c300120609-cerstve-krajene-platkove-syry"
  },
  {
    "name": "Rohlik.cz Oak-Smoked Cheddar plátky",
    "price": "86,69 Kč",
    "unit_price": "769.9 Kč/kg",
    "package_amount": "cca 110 g",
    "subcategory_name": "Čerstvě krájené - Plátkové",
    "subcategory_url": "https://www.rohlik.cz/c300120609-cerstve-krajene-platkove-syry"
  },
  {
    "name": "Miil Grana Padano DOP 16 měsíců zrání",
    "price": "109,90 Kč",
    "unit_price": "549.5 Kč/kg",
    "package_amount": "200 g",
    "subcategory_name": "Sýry - Grana Padano",
    "subcategory_url": "https://www.rohlik.cz/c300124079-grana-padano"
  },
  {
    "name": "Miil Grana Padano DOP strouhaný",
    "price": "72,90 Kč",
    "unit_price": "486 Kč/kg",
    "package_amount": "150 g",
    "subcategory_name": "Sýry - Grana Padano",
    "subcategory_url": "https://www.rohlik.cz/c300124079-grana-padano"
  },
  {
    "name": "Zanetti Grana Padano PDO strouhaný",
    "price": "38,90 Kč",
    "unit_price": "778 Kč/kg",
    "package_amount": "50 g",
    "subcategory_name": "Sýry - Grana Padano",
    "subcategory_url": "https://www.rohlik.cz/c300124079-grana-padano"
  },
  {
    "name": "Zanetti Grana Padano PDO hobliny",
    "price": "74,90 Kč",
    "unit_price": "749 Kč/kg",
    "package_amount": "100 g",
    "subcategory_name": "Sýry - Grana Padano",
    "subcategory_url": "https://www.rohlik.cz/c300124079-grana-padano"
  },
  {
    "name": "Soresina Grana Padano DOP",
    "price": "148,90 Kč",
    "unit_price": "744.5 Kč/kg",
    "package_amount": "200 g",
    "subcategory_name": "Sýry - Grana Padano",
    "subcategory_url": "https://www.rohlik.cz/c300124079-grana-padano"
  },
  {
    "name": "Monti trentini Grana Padano DOP",
    "price": "134,90 Kč",
    "unit_price": "674.5 Kč/kg",
    "package_amount": "200 g",
    "subcategory_name": "Sýry - Grana Padano",
    "subcategory_url": "https://www.rohlik.cz/c300124079-grana-padano"
  },
  {
    "name": "QuattroColli Pecorino Romano Q.C.",
    "price": "186,90 Kč",
    "unit_price": "934.5 Kč/kg",
    "package_amount": "200 g",
    "subcategory_name": "Sýry - Pecorino",
    "subcategory_url": "https://www.rohlik.cz/c300124082-pecorino"
  },
  {
    "name": "Pinna Vyzrálý sýr Pecorino Sardo Medoro DOP",
    "price": "170,91 Kč",
    "unit_price": "854.55 Kč/kg",
    "package_amount": "200 g",
    "subcategory_name": "Sýry - Pecorino",
    "subcategory_url": "https://www.rohlik.cz/c300124082-pecorino"
  },
  {
    "name": "Morbidi Sýr Pecorino Toscano DOP",
    "price": "284,90 Kč",
    "unit_price": "814 Kč/kg",
    "package_amount": "350 g",
    "subcategory_name": "Sýry - Pecorino",
    "subcategory_url": "https://www.rohlik.cz/c300124082-pecorino"
  },
  {
    "name": "Morbidi Tvrdý sýr Pecorino „CreteSenesi“ rustico",
    "price": "295,92 Kč",
    "unit_price": "739.8 Kč/kg",
    "package_amount": "400 g",
    "subcategory_name": "Sýry - Pecorino",
    "subcategory_url": "https://www.rohlik.cz/c300124082-pecorino"
  },
  {
    "name": "Morbidi Sýr Pecorino zrající v ořechových listech",
    "price": "499,90 Kč",
    "unit_price": "1110.89 Kč/kg",
    "package_amount": "450 g",
    "subcategory_name": "Sýry - Pecorino",
    "subcategory_url": "https://www.rohlik.cz/c300124082-pecorino"
  },
  {
    "name": "Morbidi Sýr Pecorino s lanýžem",
    "price": "459,90 Kč",
    "unit_price": "1022 Kč/kg",
    "package_amount": "450 g",
    "subcategory_name": "Sýry - Pecorino",
    "subcategory_url": "https://www.rohlik.cz/c300124082-pecorino"
  },
  {
    "name": "Morbidi Sýr Pecorino s pistáciemi",
    "price": "399,90 Kč",
    "unit_price": "888.67 Kč/kg",
    "package_amount": "450 g",
    "subcategory_name": "Sýry - Pecorino",
    "subcategory_url": "https://www.rohlik.cz/c300124082-pecorino"
  },
  {
    "name": "Pinna Pecorino Romano DOP sýr",
    "price": "134,90 Kč",
    "unit_price": "674.5 Kč/kg",
    "package_amount": "200 g",
    "subcategory_name": "Sýry - Pecorino",
    "subcategory_url": "https://www.rohlik.cz/c300124082-pecorino"
  },
  {
    "name": "Pinna Strouhaný sýr Pecorino Romano DOP",
    "price": "69,90 Kč",
    "unit_price": "1127.42 Kč/kg",
    "package_amount": "62 g",
    "subcategory_name": "Sýry - Pecorino",
    "subcategory_url": "https://www.rohlik.cz/c300124082-pecorino"
  },
  {
    "name": "Miil Extra tvrdý sýr italského typu 32%",
    "price": "99,90 Kč",
    "unit_price": "499.5 Kč/kg",
    "package_amount": "200 g",
    "subcategory_name": "Sýry - Parmazánového typu",
    "subcategory_url": "https://www.rohlik.cz/c300124080-parmazanoveho-typu"
  },
  {
    "name": "Miil Extra tvrdý sýr italského typu strouhaný 32%",
    "price": "51,03 Kč",
    "unit_price": "510.3 Kč/kg",
    "package_amount": "100 g",
    "subcategory_name": "Sýry - Parmazánového typu",
    "subcategory_url": "https://www.rohlik.cz/c300124080-parmazanoveho-typu"
  },
  {
    "name": "Gran Moravia Sýr strouhaný 32%",
    "price": "74,90 Kč",
    "unit_price": "749 Kč/kg",
    "package_amount": "100 g",
    "subcategory_name": "Sýry - Parmazánového typu",
    "subcategory_url": "https://www.rohlik.cz/c300124080-parmazanoveho-typu"
  },
  {
    "name": "Gran Moravia Extra tvrdý sýr 32%",
    "price": "69,90 Kč",
    "unit_price": "699 Kč/kg",
    "package_amount": "100 g",
    "subcategory_name": "Sýry - Parmazánového typu",
    "subcategory_url": "https://www.rohlik.cz/c300124080-parmazanoveho-typu"
  },
  {
    "name": "Gran Moravia Extra tvrdý sýr 32%",
    "price": "164,90 Kč",
    "unit_price": "659.6 Kč/kg",
    "package_amount": "250 g",
    "subcategory_name": "Sýry - Parmazánového typu",
    "subcategory_url": "https://www.rohlik.cz/c300124080-parmazanoveho-typu"
  },
  {
    "name": "Gran Moravia Sýr strouhaný 32%",
    "price": "54,90 Kč",
    "unit_price": "915 Kč/kg",
    "package_amount": "60 g",
    "subcategory_name": "Sýry - Parmazánového typu",
    "subcategory_url": "https://www.rohlik.cz/c300124080-parmazanoveho-typu"
  },
  {
    "name": "Gran Moravia Tochetti 32%",
    "price": "114,90 Kč",
    "unit_price": "766 Kč/kg",
    "package_amount": "150 g",
    "subcategory_name": "Sýry - Parmazánového typu",
    "subcategory_url": "https://www.rohlik.cz/c300124080-parmazanoveho-typu"
  },
  {
    "name": "Gran Moravia Julienne hrubě strouhaný sýr 32%",
    "price": "74,90 Kč",
    "unit_price": "749 Kč/kg",
    "package_amount": "100 g",
    "subcategory_name": "Sýry - Parmazánového typu",
    "subcategory_url": "https://www.rohlik.cz/c300124080-parmazanoveho-typu"
  },
  {
    "name": "Gran Moravia Scaglie sýrové hobliny 32%",
    "price": "74,90 Kč",
    "unit_price": "749 Kč/kg",
    "package_amount": "100 g",
    "subcategory_name": "Sýry - Parmazánového typu",
    "subcategory_url": "https://www.rohlik.cz/c300124080-parmazanoveho-typu"
  },
  {
    "name": "Miil Parmigiano Reggiano DOP 24 měsíců zrání",
    "price": "139 Kč",
    "unit_price": "695 Kč/kg",
    "package_amount": "200 g",
    "subcategory_name": "Sýry - Reggiano",
    "subcategory_url": "https://www.rohlik.cz/c300124081-parmiggiano-reggiano"
  },
  {
    "name": "Parmareggio Parmigiano Reggiano Grattuigato parmezán strouhaný",
    "price": "61,90 Kč",
    "unit_price": "1031.67 Kč/kg",
    "package_amount": "60 g",
    "subcategory_name": "Sýry - Reggiano",
    "subcategory_url": "https://www.rohlik.cz/c300124081-parmiggiano-reggiano"
  },
  {
    "name": "Parmareggio Parmigiano Reggiano parmezán 12 měsíců",
    "price": "151,90 Kč",
    "unit_price": "1012.67 Kč/kg",
    "package_amount": "150 g",
    "subcategory_name": "Sýry - Reggiano",
    "subcategory_url": "https://www.rohlik.cz/c300124081-parmiggiano-reggiano"
  },
  {
    "name": "Parmareggio BIO Parmigiano Reggiano DOP parmezán strouhaný",
    "price": "59,90 Kč",
    "unit_price": "1198 Kč/kg",
    "package_amount": "50 g",
    "subcategory_name": "Sýry - Reggiano",
    "subcategory_url": "https://www.rohlik.cz/c300124081-parmiggiano-reggiano"
  },
  {
    "name": "Parmareggio Parmigiano Reggiano parmezán 24 měsíců",
    "price": "179,90 Kč",
    "unit_price": "1199.33 Kč/kg",
    "package_amount": "150 g",
    "subcategory_name": "Sýry - Reggiano",
    "subcategory_url": "https://www.rohlik.cz/c300124081-parmiggiano-reggiano"
  },
  {
    "name": "Parmareggio Parmigiano Reggiano toast plátky",
    "price": "68,90 Kč",
    "unit_price": "459.33 Kč/kg",
    "package_amount": "150 g",
    "subcategory_name": "Sýry - Reggiano",
    "subcategory_url": "https://www.rohlik.cz/c300124081-parmiggiano-reggiano"
  },
  {
    "name": "Parmissimo Sýr parmazán Parmigiano Reggiano CHOP",
    "price": "74,90 Kč",
    "unit_price": "832.22 Kč/kg",
    "package_amount": "90 g",
    "subcategory_name": "Sýry - Reggiano",
    "subcategory_url": "https://www.rohlik.cz/c300124081-parmiggiano-reggiano"
  },
  {
    "name": "Parmareggio Parmigiano Reggiano EXTRA parmezán 30 měsíců",
    "price": "176,90 Kč",
    "unit_price": "1179.33 Kč/kg",
    "package_amount": "150 g",
    "subcategory_name": "Sýry - Reggiano",
    "subcategory_url": "https://www.rohlik.cz/c300124081-parmiggiano-reggiano"
  },
  {
    "name": "Alnatura BIO Parmigiano Reggiano 24 měsíců zrání",
    "price": "114,90 Kč",
    "unit_price": "919.2 Kč/kg",
    "package_amount": "125 g",
    "subcategory_name": "Sýry - Reggiano",
    "subcategory_url": "https://www.rohlik.cz/c300124081-parmiggiano-reggiano"
  },
  {
    "name": "Parmareggio Parmigiano Reggiano Julienne strouhaný sýr",
    "price": "74,90 Kč",
    "unit_price": "881.18 Kč/kg",
    "package_amount": "85 g",
    "subcategory_name": "Sýry - Reggiano",
    "subcategory_url": "https://www.rohlik.cz/c300124081-parmiggiano-reggiano"
  },
  {
    "name": "Parmareggio Parmigiano Reggiano 30 měsíců",
    "price": "394,90 Kč",
    "unit_price": "987.25 Kč/kg",
    "package_amount": "400 g",
    "subcategory_name": "Sýry - Reggiano",
    "subcategory_url": "https://www.rohlik.cz/c300124081-parmiggiano-reggiano"
  },
  {
    "name": "Parmigiano Reggiano Solodibruna 24 měsíců PDO",
    "price": "344,90 Kč",
    "unit_price": "1149.67 Kč/kg",
    "package_amount": "300 g",
    "subcategory_name": "Sýry - Reggiano",
    "subcategory_url": "https://www.rohlik.cz/c300124081-parmiggiano-reggiano"
  },
  {
    "name": "Parmareggio Reggiano sýrové vločky",
    "price": "92,90 Kč",
    "unit_price": "929 Kč/kg",
    "package_amount": "100 g",
    "subcategory_name": "Sýry - Reggiano",
    "subcategory_url": "https://www.rohlik.cz/c300124081-parmiggiano-reggiano"
  },
  {
    "name": "Galbani Parmigiano Reggiano DOP bloček",
    "price": "239,90 Kč",
    "unit_price": "1199.5 Kč/kg",
    "package_amount": "200 g",
    "subcategory_name": "Sýry - Reggiano",
    "subcategory_url": "https://www.rohlik.cz/c300124081-parmiggiano-reggiano"
  },
  {
    "name": "Miil Eidam 45% bloček",
    "price": "53,90 Kč",
    "unit_price": "215.6 Kč/kg",
    "package_amount": "250 g",
    "subcategory_name": "Sýry - Bločky a storuhané - Eidam",
    "subcategory_url": "https://www.rohlik.cz/c300124073-eidam"
  },
  {
    "name": "Miil Eidam 30% bloček",
    "price": "49,90 Kč",
    "unit_price": "199.6 Kč/kg",
    "package_amount": "250 g",
    "subcategory_name": "Sýry - Bločky a storuhané - Eidam",
    "subcategory_url": "https://www.rohlik.cz/c300124073-eidam"
  },
  {
    "name": "Madeta Eidamský sýr 30% bloček",
    "price": "59,90 Kč",
    "unit_price": "299.5 Kč/kg",
    "package_amount": "200 g",
    "subcategory_name": "Sýry - Bločky a storuhané - Eidam",
    "subcategory_url": "https://www.rohlik.cz/c300124073-eidam"
  },
  {
    "name": "Jaroměřická mlékárna Eidam 30% bloček",
    "price": "61,90 Kč",
    "unit_price": "309.5 Kč/kg",
    "package_amount": "200 g",
    "subcategory_name": "Sýry - Bločky a storuhané - Eidam",
    "subcategory_url": "https://www.rohlik.cz/c300124073-eidam"
  },
  {
    "name": "Lakmilk Strouhaný eidam 30%",
    "price": "34,90 Kč",
    "unit_price": "349 Kč/kg",
    "package_amount": "100 g",
    "subcategory_name": "Sýry - Bločky a storuhané - Eidam",
    "subcategory_url": "https://www.rohlik.cz/c300124073-eidam"
  },
  {
    "name": "Miil Cheddar 51% bloček",
    "price": "69,90 Kč",
    "unit_price": "279.6 Kč/kg",
    "package_amount": "250 g",
    "subcategory_name": "Sýry - Bločky a storuhané - Cheddar",
    "subcategory_url": "https://www.rohlik.cz/c300124077-cheddar"
  },
  {
    "name": "Dublin Dairy Irish cheddar red bloček",
    "price": "99,90 Kč",
    "unit_price": "499.5 Kč/kg",
    "package_amount": "200 g",
    "subcategory_name": "Sýry - Bločky a storuhané - Cheddar",
    "subcategory_url": "https://www.rohlik.cz/c300124077-cheddar"
  },
  {
    "name": "Dublin Dairy Irish cheddar white bloček",
    "price": "99,90 Kč",
    "unit_price": "499.5 Kč/kg",
    "package_amount": "200 g",
    "subcategory_name": "Sýry - Bločky a storuhané - Cheddar",
    "subcategory_url": "https://www.rohlik.cz/c300124077-cheddar"
  },
  {
    "name": "Cathedral City Cheddar Mature bloček",
    "price": "119,60 Kč",
    "unit_price": "598 Kč/kg",
    "package_amount": "200 g",
    "subcategory_name": "Sýry - Bločky a storuhané - Cheddar",
    "subcategory_url": "https://www.rohlik.cz/c300124077-cheddar"
  },
  {
    "name": "Cathedral City Cheddar Extra Mature bloček",
    "price": "130,90 Kč",
    "unit_price": "654.5 Kč/kg",
    "package_amount": "200 g",
    "subcategory_name": "Sýry - Bločky a storuhané - Cheddar",
    "subcategory_url": "https://www.rohlik.cz/c300124077-cheddar"
  },
  {
    "name": "Lye Cross Farm BIO Mild cheddar",
    "price": "145,90 Kč",
    "unit_price": "595.51 Kč/kg",
    "package_amount": "245 g",
    "subcategory_name": "Sýry - Bločky a storuhané - Cheddar",
    "subcategory_url": "https://www.rohlik.cz/c300124077-cheddar"
  },
  {
    "name": "Dublin Dairy Irish Cheddar White Mature bloček",
    "price": "114,90 Kč",
    "unit_price": "574.5 Kč/kg",
    "package_amount": "200 g",
    "subcategory_name": "Sýry - Bločky a storuhané - Cheddar",
    "subcategory_url": "https://www.rohlik.cz/c300124077-cheddar"
  },
  {
    "name": "Cathedral City Cheddar Mild bloček",
    "price": "110,90 Kč",
    "unit_price": "554.5 Kč/kg",
    "package_amount": "200 g",
    "subcategory_name": "Sýry - Bločky a storuhané - Cheddar",
    "subcategory_url": "https://www.rohlik.cz/c300124077-cheddar"
  },
  {
    "name": "Snowdonia Cheddar truffle trove sýr s lanýžem",
    "price": "289,90 Kč",
    "unit_price": "1932.67 Kč/kg",
    "package_amount": "150 g",
    "subcategory_name": "Sýry - Bločky a storuhané - Cheddar",
    "subcategory_url": "https://www.rohlik.cz/c300124077-cheddar"
  },
  {
    "name": "Snowdonia Cheddar beechwood přirozeně uzený extra uleželý sýr",
    "price": "223,90 Kč",
    "unit_price": "1119.5 Kč/kg",
    "package_amount": "200 g",
    "subcategory_name": "Sýry - Bločky a storuhané - Cheddar",
    "subcategory_url": "https://www.rohlik.cz/c300124077-cheddar"
  },
  {
    "name": "Snowdonia Cheddar red devil červený sýr s chilli",
    "price": "223,90 Kč",
    "unit_price": "1119.5 Kč/kg",
    "package_amount": "200 g",
    "subcategory_name": "Sýry - Bločky a storuhané - Cheddar",
    "subcategory_url": "https://www.rohlik.cz/c300124077-cheddar"
  },
  {
    "name": "Snowdonia Cheddar black bomber extra uleželý sýr",
    "price": "223,90 Kč",
    "unit_price": "1119.5 Kč/kg",
    "package_amount": "200 g",
    "subcategory_name": "Sýry - Bločky a storuhané - Cheddar",
    "subcategory_url": "https://www.rohlik.cz/c300124077-cheddar"
  },
  {
    "name": "Snowdonia Cheddar red storm extra zralý červený Leicesterský sýr",
    "price": "223,90 Kč",
    "unit_price": "1119.5 Kč/kg",
    "package_amount": "200 g",
    "subcategory_name": "Sýry - Bločky a storuhané - Cheddar",
    "subcategory_url": "https://www.rohlik.cz/c300124077-cheddar"
  },
  {
    "name": "Singletons Oak smoked čedar uzený bloček",
    "price": "149,90 Kč",
    "unit_price": "749.5 Kč/kg",
    "package_amount": "200 g",
    "subcategory_name": "Sýry - Bločky a storuhané - Cheddar",
    "subcategory_url": "https://www.rohlik.cz/c300124077-cheddar"
  },
  {
    "name": "Miil Emmental 45% bloček",
    "price": "69,93 Kč",
    "unit_price": "279.72 Kč/kg",
    "package_amount": "250 g",
    "subcategory_name": "Sýry - Bločky a storuhané - Ementálský typ",
    "subcategory_url": "https://www.rohlik.cz/c300124075-ementalsky-typ"
  },
  {
    "name": "Leerdammer Original sýr bloček",
    "price": "69,90 Kč",
    "unit_price": "411.18 Kč/kg",
    "package_amount": "170 g",
    "subcategory_name": "Sýry - Bločky a storuhané - Ementálský typ",
    "subcategory_url": "https://www.rohlik.cz/c300124075-ementalsky-typ"
  },
  {
    "name": "Président Emmental bloček",
    "price": "136,20 Kč",
    "unit_price": "544.8 Kč/kg",
    "package_amount": "250 g",
    "subcategory_name": "Sýry - Bločky a storuhané - Ementálský typ",
    "subcategory_url": "https://www.rohlik.cz/c300124075-ementalsky-typ"
  },
  {
    "name": "Leerdammer Original srdce",
    "price": "179,90 Kč",
    "unit_price": "408.86 Kč/kg",
    "package_amount": "440 g",
    "subcategory_name": "Sýry - Bločky a storuhané - Ementálský typ",
    "subcategory_url": "https://www.rohlik.cz/c300124075-ementalsky-typ"
  },
  {
    "name": "Rohlik.cz Maasdam výkroj",
    "price": "99,04 Kč",
    "unit_price": "549 Kč/kg",
    "package_amount": "cca 180 g",
    "subcategory_name": "Sýry - Bločky a storuhané - Ementálský typ",
    "subcategory_url": "https://www.rohlik.cz/c300124075-ementalsky-typ"
  },
  {
    "name": "Madeta Blaťácké zlato 48%",
    "price": "39,90 Kč",
    "unit_price": "332.5 Kč/kg",
    "package_amount": "120 g",
    "subcategory_name": "Sýry - Bločky a storuhané - Ostatní",
    "subcategory_url": "https://www.rohlik.cz/c300124078-ostatni"
  },
  {
    "name": "Madeta Blaťácké zlato s vlašskými ořechy",
    "price": "39,90 Kč",
    "unit_price": "332.5 Kč/kg",
    "package_amount": "120 g",
    "subcategory_name": "Sýry - Bločky a storuhané - Ostatní",
    "subcategory_url": "https://www.rohlik.cz/c300124078-ostatni"
  },
  {
    "name": "IDS Gruyère CHZO francouzský sýr",
    "price": "136,20 Kč",
    "unit_price": "544.8 Kč/kg",
    "package_amount": "250 g",
    "subcategory_name": "Sýry - Bločky a storuhané - Ostatní",
    "subcategory_url": "https://www.rohlik.cz/c300124078-ostatni"
  },
  {
    "name": "Entremont Gruyere de France IGP",
    "price": "155,70 Kč",
    "unit_price": "778.5 Kč/kg",
    "package_amount": "200 g",
    "subcategory_name": "Sýry - Bločky a storuhané - Ostatní",
    "subcategory_url": "https://www.rohlik.cz/c300124078-ostatni"
  },
  {
    "name": "Comte PDO",
    "price": "106,07 Kč",
    "unit_price": "815.9 Kč/kg",
    "package_amount": "cca 130 g",
    "subcategory_name": "Sýry - Bločky a storuhané - Ostatní",
    "subcategory_url": "https://www.rohlik.cz/c300124078-ostatni"
  },
  {
    "name": "Entremont Comte AOP",
    "price": "155,70 Kč",
    "unit_price": "778.5 Kč/kg",
    "package_amount": "200 g",
    "subcategory_name": "Sýry - Bločky a storuhané - Ostatní",
    "subcategory_url": "https://www.rohlik.cz/c300124078-ostatni"
  },
  {
    "name": "Rohlik.cz Appenzeller výkroj",
    "price": "139,90 Kč",
    "unit_price": "1165.83 Kč/kg",
    "package_amount": "120 g",
    "subcategory_name": "Sýry - Bločky a storuhané - Ostatní",
    "subcategory_url": "https://www.rohlik.cz/c300124078-ostatni"
  },
  {
    "name": "Rohlik.cz Le Gruyere AOP výkroj",
    "price": "220,83 Kč",
    "unit_price": "1299 Kč/kg",
    "package_amount": "cca 170 g",
    "subcategory_name": "Sýry - Bločky a storuhané - Ostatní",
    "subcategory_url": "https://www.rohlik.cz/c300124078-ostatni"
  },
  {
    "name": "Rohlik.cz Iberico curado výkroj",
    "price": "99,90 Kč",
    "unit_price": "832.5 Kč/kg",
    "package_amount": "120 g",
    "subcategory_name": "Sýry - Bločky a storuhané - Ostatní",
    "subcategory_url": "https://www.rohlik.cz/c300124078-ostatni"
  },
  {
    "name": "Comté extra vieux AOP",
    "price": "379,78 Kč",
    "unit_price": "1460.7 Kč/kg",
    "package_amount": "cca 260 g",
    "subcategory_name": "Sýry - Bločky a storuhané - Ostatní",
    "subcategory_url": "https://www.rohlik.cz/c300124078-ostatni"
  },
  {
    "name": "L'Opera sýr",
    "price": "148,86 Kč",
    "unit_price": "744.3 Kč/kg",
    "package_amount": "200 g",
    "subcategory_name": "Sýry - Bločky a storuhané - Ostatní",
    "subcategory_url": "https://www.rohlik.cz/c300124078-ostatni"
  },
  {
    "name": "Džiugas Mild tvrdý sýr zrající 12 měsíců",
    "price": "109,90 Kč",
    "unit_price": "610.56 Kč/kg",
    "package_amount": "180 g",
    "subcategory_name": "Sýry - Bločky a storuhané - Ostatní",
    "subcategory_url": "https://www.rohlik.cz/c300124078-ostatni"
  },
  {
    "name": "Lustenberger 1862 Aromatic savoury výkroj",
    "price": "126,50 Kč",
    "unit_price": "973.8 Kč/kg",
    "package_amount": "cca 130 g",
    "subcategory_name": "Sýry - Bločky a storuhané - Ostatní",
    "subcategory_url": "https://www.rohlik.cz/c300124078-ostatni"
  },
  {
    "name": "Gudbrandsdalen Norský sýr",
    "price": "249,90 Kč",
    "unit_price": "999.6 Kč/kg",
    "package_amount": "250 g",
    "subcategory_name": "Sýry - Bločky a storuhané - Ostatní",
    "subcategory_url": "https://www.rohlik.cz/c300124078-ostatni"
  },
  {
    "name": "Miil Gouda 47% bloček",
    "price": "53,90 Kč",
    "unit_price": "215.6 Kč/kg",
    "package_amount": "250 g",
    "subcategory_name": "Sýry - Bločky a storuhané - Gouda",
    "subcategory_url": "https://www.rohlik.cz/c300124076-gouda"
  },
  {
    "name": "Gouda s lanýži",
    "price": "118,94 Kč",
    "unit_price": "905.9 Kč/kg",
    "package_amount": "cca 130 g",
    "subcategory_name": "Sýry - Bločky a storuhané - Gouda",
    "subcategory_url": "https://www.rohlik.cz/c300124076-gouda"
  },
  {
    "name": "Old Amsterdam kostky",
    "price": "124,90 Kč",
    "unit_price": "832.67 Kč/kg",
    "package_amount": "150 g",
    "subcategory_name": "Sýry - Bločky a storuhané - Gouda",
    "subcategory_url": "https://www.rohlik.cz/c300124076-gouda"
  },
  {
    "name": "Rohlik.cz Gouda uleželá 14 týdnů výkroj",
    "price": "87,50 Kč",
    "unit_price": "729.17 Kč/kg",
    "package_amount": "120 g",
    "subcategory_name": "Sýry - Bločky a storuhané - Gouda",
    "subcategory_url": "https://www.rohlik.cz/c300124076-gouda"
  },
  {
    "name": "Rohlik.cz Gouda s chilli výkroj",
    "price": "69,90 Kč",
    "unit_price": "582.5 Kč/kg",
    "package_amount": "120 g",
    "subcategory_name": "Sýry - Bločky a storuhané - Gouda",
    "subcategory_url": "https://www.rohlik.cz/c300124076-gouda"
  },
  {
    "name": "Caseamo Farmářská Gouda s lanýži freshpack",
    "price": "153,38 Kč",
    "unit_price": "1022.5 Kč/kg",
    "package_amount": "cca 150 g",
    "subcategory_name": "Sýry - Bločky a storuhané - Gouda",
    "subcategory_url": "https://www.rohlik.cz/c300124076-gouda"
  },
  {
    "name": "Rohlik.cz Gouda s bylinkami výkroj",
    "price": "82,60 Kč",
    "unit_price": "688.33 Kč/kg",
    "package_amount": "120 g",
    "subcategory_name": "Sýry - Bločky a storuhané - Gouda",
    "subcategory_url": "https://www.rohlik.cz/c300124076-gouda"
  },
  {
    "name": "Frico Gouda Holland sýr 48% I.G.P. výkroj",
    "price": "103,90 Kč",
    "unit_price": "392.08 Kč/kg",
    "package_amount": "265 g",
    "subcategory_name": "Sýry - Bločky a storuhané - Gouda",
    "subcategory_url": "https://www.rohlik.cz/c300124076-gouda"
  },
  {
    "name": "Old Amsterdam Mild sýr",
    "price": "89,90 Kč",
    "unit_price": "691.54 Kč/kg",
    "package_amount": "130 g",
    "subcategory_name": "Sýry - Bločky a storuhané - Gouda",
    "subcategory_url": "https://www.rohlik.cz/c300124076-gouda"
  },
  {
    "name": "Heinrichsthaler Gouda 48% bloček",
    "price": "121,60 Kč",
    "unit_price": "486.4 Kč/kg",
    "package_amount": "250 g",
    "subcategory_name": "Sýry - Bločky a storuhané - Gouda",
    "subcategory_url": "https://www.rohlik.cz/c300124076-gouda"
  },
  {
    "name": "Frico Gouda olivy rajče výkroj",
    "price": "95,95 Kč",
    "unit_price": "699.85 Kč/kg",
    "package_amount": "cca 140 g",
    "subcategory_name": "Sýry - Bločky a storuhané - Gouda",
    "subcategory_url": "https://www.rohlik.cz/c300124076-gouda"
  },
  {
    "name": "Alnatura BIO Gouda polotvrdý sýr 50%",
    "price": "106,90 Kč",
    "unit_price": "534.5 Kč/kg",
    "package_amount": "200 g",
    "subcategory_name": "Sýry - Bločky a storuhané - Gouda",
    "subcategory_url": "https://www.rohlik.cz/c300124076-gouda"
  },
  {
    "name": "Old Amsterdam bloček",
    "price": "197,90 Kč",
    "unit_price": "791.6 Kč/kg",
    "package_amount": "250 g",
    "subcategory_name": "Sýry - Bločky a storuhané - Gouda",
    "subcategory_url": "https://www.rohlik.cz/c300124076-gouda"
  },
  {
    "name": "Van Breukelen Kaas Farmářská Gouda Mature Sweet výkroj",
    "price": "118,98 Kč",
    "unit_price": "701.1 Kč/kg",
    "package_amount": "cca 170 g",
    "subcategory_name": "Sýry - Bločky a storuhané - Gouda",
    "subcategory_url": "https://www.rohlik.cz/c300124076-gouda"
  },
  {
    "name": "Miil Grana Padano DOP strouhaný",
    "price": "72,90 Kč",
    "unit_price": "486 Kč/kg",
    "package_amount": "150 g",
    "subcategory_name": "Sýry - Bločky a storuhané - Strouhané",
    "subcategory_url": "https://www.rohlik.cz/c300123498-strouhane"
  },
  {
    "name": "Parmareggio Parmigiano Reggiano Grattuigato parmezán strouhaný",
    "price": "61,90 Kč",
    "unit_price": "1031.67 Kč/kg",
    "package_amount": "60 g",
    "subcategory_name": "Sýry - Bločky a storuhané - Strouhané",
    "subcategory_url": "https://www.rohlik.cz/c300123498-strouhane"
  },
  {
    "name": "Zanetti Grana Padano PDO strouhaný",
    "price": "38,90 Kč",
    "unit_price": "778 Kč/kg",
    "package_amount": "50 g",
    "subcategory_name": "Sýry - Bločky a storuhané - Strouhané",
    "subcategory_url": "https://www.rohlik.cz/c300123498-strouhane"
  },
  {
    "name": "Rohlik.cz Eidam 30% strouhaný",
    "price": "36,45 Kč",
    "unit_price": "329.9 Kč/kg",
    "package_amount": "cca 110 g",
    "subcategory_name": "Sýry - Bločky a storuhané - Strouhané",
    "subcategory_url": "https://www.rohlik.cz/c300123498-strouhane"
  },
  {
    "name": "Parmareggio BIO Parmigiano Reggiano DOP parmezán strouhaný",
    "price": "59,90 Kč",
    "unit_price": "1198 Kč/kg",
    "package_amount": "50 g",
    "subcategory_name": "Sýry - Bločky a storuhané - Strouhané",
    "subcategory_url": "https://www.rohlik.cz/c300123498-strouhane"
  },
  {
    "name": "Dublin Dairy Cheddar red strouhaný",
    "price": "94,90 Kč",
    "unit_price": "632.67 Kč/kg",
    "package_amount": "150 g",
    "subcategory_name": "Sýry - Bločky a storuhané - Strouhané",
    "subcategory_url": "https://www.rohlik.cz/c300123498-strouhane"
  },
  {
    "name": "Rohlik.cz Red Cheddar strouhaný",
    "price": "64,07 Kč",
    "unit_price": "599.9 Kč/kg",
    "package_amount": "cca 110 g",
    "subcategory_name": "Sýry - Bločky a storuhané - Strouhané",
    "subcategory_url": "https://www.rohlik.cz/c300123498-strouhane"
  },
  {
    "name": "Dublin Dairy Mix strouhaných sýrů cheddar white & red",
    "price": "59,90 Kč",
    "unit_price": "399.33 Kč/kg",
    "package_amount": "150 g",
    "subcategory_name": "Sýry - Bločky a storuhané - Strouhané",
    "subcategory_url": "https://www.rohlik.cz/c300123498-strouhane"
  },
  {
    "name": "Zanetti Grana Padano PDO hobliny",
    "price": "74,90 Kč",
    "unit_price": "749 Kč/kg",
    "package_amount": "100 g",
    "subcategory_name": "Sýry - Bločky a storuhané - Strouhané",
    "subcategory_url": "https://www.rohlik.cz/c300123498-strouhane"
  },
  {
    "name": "Gran Moravia Sýr strouhaný 32%",
    "price": "54,90 Kč",
    "unit_price": "915 Kč/kg",
    "package_amount": "60 g",
    "subcategory_name": "Sýry - Bločky a storuhané - Strouhané",
    "subcategory_url": "https://www.rohlik.cz/c300123498-strouhane"
  },
  {
    "name": "Rohlik.cz Mozzarella 40+ strouhaná",
    "price": "58,18 Kč",
    "unit_price": "549.9 Kč/kg",
    "package_amount": "cca 110 g",
    "subcategory_name": "Sýry - Bločky a storuhané - Strouhané",
    "subcategory_url": "https://www.rohlik.cz/c300123498-strouhane"
  },
  {
    "name": "Parmissimo Sýr parmazán Parmigiano Reggiano CHOP",
    "price": "74,90 Kč",
    "unit_price": "832.22 Kč/kg",
    "package_amount": "90 g",
    "subcategory_name": "Sýry - Bločky a storuhané - Strouhané",
    "subcategory_url": "https://www.rohlik.cz/c300123498-strouhane"
  },
  {
    "name": "Parmareggio Parmigiano Reggiano Julienne strouhaný sýr",
    "price": "74,90 Kč",
    "unit_price": "881.18 Kč/kg",
    "package_amount": "85 g",
    "subcategory_name": "Sýry - Bločky a storuhané - Strouhané",
    "subcategory_url": "https://www.rohlik.cz/c300123498-strouhane"
  },
  {
    "name": "Gran Moravia Julienne hrubě strouhaný sýr 32%",
    "price": "74,90 Kč",
    "unit_price": "749 Kč/kg",
    "package_amount": "100 g",
    "subcategory_name": "Sýry - Bločky a storuhané - Strouhané",
    "subcategory_url": "https://www.rohlik.cz/c300123498-strouhane"
  },
  {
    "name": "Gran Moravia Scaglie sýrové hobliny 32%",
    "price": "74,90 Kč",
    "unit_price": "749 Kč/kg",
    "package_amount": "100 g",
    "subcategory_name": "Sýry - Bločky a storuhané - Strouhané",
    "subcategory_url": "https://www.rohlik.cz/c300123498-strouhane"
  },
  {
    "name": "Heinrichsthaler Gouda strouhaná v sáčku se zipem",
    "price": "159,90 Kč",
    "unit_price": "799.5 Kč/kg",
    "package_amount": "200 g",
    "subcategory_name": "Sýry - Bločky a storuhané - Strouhané",
    "subcategory_url": "https://www.rohlik.cz/c300123498-strouhane"
  },
  {
    "name": "Parmareggio Reggiano sýrové vločky",
    "price": "92,90 Kč",
    "unit_price": "929 Kč/kg",
    "package_amount": "100 g",
    "subcategory_name": "Sýry - Bločky a storuhané - Strouhané",
    "subcategory_url": "https://www.rohlik.cz/c300123498-strouhane"
  },
  {
    "name": "Statek Horní Dvorce Gouda ovčí strouhaný sýr",
    "price": "83,90 Kč",
    "unit_price": "1118.67 Kč/kg",
    "package_amount": "75 g",
    "subcategory_name": "Sýry - Bločky a storuhané - Strouhané",
    "subcategory_url": "https://www.rohlik.cz/c300123498-strouhane"
  },
  {
    "name": "Lakmilk Strouhaný eidam 30%",
    "price": "34,90 Kč",
    "unit_price": "349 Kč/kg",
    "package_amount": "100 g",
    "subcategory_name": "Sýry - Bločky a storuhané - Strouhané",
    "subcategory_url": "https://www.rohlik.cz/c300123498-strouhane"
  },
  {
    "name": "Pinna Strouhaný sýr Pecorino Romano DOP",
    "price": "69,90 Kč",
    "unit_price": "1127.42 Kč/kg",
    "package_amount": "62 g",
    "subcategory_name": "Sýry - Bločky a storuhané - Strouhané",
    "subcategory_url": "https://www.rohlik.cz/c300123498-strouhane"
  },
  {
    "name": "Parmareggio Parmigiano Reggiano DOP strouhaný 30 měsíců",
    "price": "69,90 Kč",
    "unit_price": "1165 Kč/kg",
    "package_amount": "60 g",
    "subcategory_name": "Sýry - Bločky a storuhané - Strouhané",
    "subcategory_url": "https://www.rohlik.cz/c300123498-strouhane"
  },
  {
    "name": "Miil BIO Feta sýr P.D.O.",
    "price": "89,90 Kč",
    "unit_price": "499.44 Kč/kg",
    "package_amount": "180 g",
    "subcategory_name": "Sýry - Salátové - Feta",
    "subcategory_url": "https://www.rohlik.cz/c300124067-feta"
  },
  {
    "name": "Miil Feta sýr P.D.O.",
    "price": "69,90 Kč",
    "unit_price": "349.5 Kč/kg",
    "package_amount": "200 g",
    "subcategory_name": "Sýry - Salátové - Feta",
    "subcategory_url": "https://www.rohlik.cz/c300124067-feta"
  },
  {
    "name": "Grikios Sýr feta",
    "price": "54,90 Kč",
    "unit_price": "549 Kč/kg",
    "package_amount": "100 g",
    "subcategory_name": "Sýry - Salátové - Feta",
    "subcategory_url": "https://www.rohlik.cz/c300124067-feta"
  },
  {
    "name": "Dodoni Feta sýr",
    "price": "114,90 Kč",
    "unit_price": "766 Kč/kg",
    "package_amount": "150 g",
    "subcategory_name": "Sýry - Salátové - Feta",
    "subcategory_url": "https://www.rohlik.cz/c300124067-feta"
  },
  {
    "name": "Président Salakis Feta sýr",
    "price": "99,90 Kč",
    "unit_price": "499.5 Kč/kg",
    "package_amount": "200 g",
    "subcategory_name": "Sýry - Salátové - Feta",
    "subcategory_url": "https://www.rohlik.cz/c300124067-feta"
  },
  {
    "name": "Feta P.D.O.",
    "price": "88,90 Kč",
    "unit_price": "444.5 Kč/kg",
    "package_amount": "200 g",
    "subcategory_name": "Sýry - Salátové - Feta",
    "subcategory_url": "https://www.rohlik.cz/c300124067-feta"
  },
  {
    "name": "Feta P.D.O.",
    "price": "179,90 Kč",
    "unit_price": "449.75 Kč/kg",
    "package_amount": "400 g",
    "subcategory_name": "Sýry - Salátové - Feta",
    "subcategory_url": "https://www.rohlik.cz/c300124067-feta"
  },
  {
    "name": "Rohlik.cz Řecká feta sýr P.D.O.",
    "price": "92,96 Kč",
    "unit_price": "569.96 Kč/kg",
    "package_amount": "cca 160 g",
    "subcategory_name": "Sýry - Salátové - Feta",
    "subcategory_url": "https://www.rohlik.cz/c300124067-feta"
  },
  {
    "name": "Neogal Feta kostky P.D.O.",
    "price": "94,90 Kč",
    "unit_price": "632.67 Kč/kg",
    "package_amount": "150 g",
    "subcategory_name": "Sýry - Salátové - Feta",
    "subcategory_url": "https://www.rohlik.cz/c300124067-feta"
  },
  {
    "name": "Miil Ricotta",
    "price": "31,90 Kč",
    "unit_price": "127.6 Kč/kg",
    "package_amount": "250 g",
    "subcategory_name": "Sýry - Salátové - Mozzarella",
    "subcategory_url": "https://www.rohlik.cz/c300124068-mozzarella-burrata-a-ricotta"
  },
  {
    "name": "Miil Mozzarella 42%",
    "price": "23,90 Kč",
    "unit_price": "191.2 Kč/kg",
    "package_amount": "125 g",
    "subcategory_name": "Sýry - Salátové - Mozzarella",
    "subcategory_url": "https://www.rohlik.cz/c300124068-mozzarella-burrata-a-ricotta"
  },
  {
    "name": "Miil Mozzarella Mini 42%",
    "price": "32,90 Kč",
    "unit_price": "219.33 Kč/kg",
    "package_amount": "150 g",
    "subcategory_name": "Sýry - Salátové - Mozzarella",
    "subcategory_url": "https://www.rohlik.cz/c300124068-mozzarella-burrata-a-ricotta"
  },
  {
    "name": "Miil Mozzarella light",
    "price": "23,90 Kč",
    "unit_price": "191.2 Kč/kg",
    "package_amount": "125 g",
    "subcategory_name": "Sýry - Salátové - Mozzarella",
    "subcategory_url": "https://www.rohlik.cz/c300124068-mozzarella-burrata-a-ricotta"
  },
  {
    "name": "Galbani Mozzarella",
    "price": "39,90 Kč",
    "unit_price": "319.2 Kč/kg",
    "package_amount": "125 g",
    "subcategory_name": "Sýry - Salátové - Mozzarella",
    "subcategory_url": "https://www.rohlik.cz/c300124068-mozzarella-burrata-a-ricotta"
  },
  {
    "name": "Formagia Mozzarella strouhaná",
    "price": "50,92 Kč",
    "unit_price": "339.47 Kč/kg",
    "package_amount": "150 g",
    "subcategory_name": "Sýry - Salátové - Mozzarella",
    "subcategory_url": "https://www.rohlik.cz/c300124068-mozzarella-burrata-a-ricotta"
  },
  {
    "name": "Galbani Mozzarella mini",
    "price": "51,90 Kč",
    "unit_price": "346 Kč/kg",
    "package_amount": "150 g",
    "subcategory_name": "Sýry - Salátové - Mozzarella",
    "subcategory_url": "https://www.rohlik.cz/c300124068-mozzarella-burrata-a-ricotta"
  },
  {
    "name": "Galbani Mozzarella perline perličky",
    "price": "51,90 Kč",
    "unit_price": "346 Kč/kg",
    "package_amount": "150 g",
    "subcategory_name": "Sýry - Salátové - Mozzarella",
    "subcategory_url": "https://www.rohlik.cz/c300124068-mozzarella-burrata-a-ricotta"
  },
  {
    "name": "MozzarellArt Burrata",
    "price": "83,90 Kč",
    "unit_price": "671.2 Kč/kg",
    "package_amount": "125 g",
    "subcategory_name": "Sýry - Salátové - Mozzarella",
    "subcategory_url": "https://www.rohlik.cz/c300124068-mozzarella-burrata-a-ricotta"
  },
  {
    "name": "Maldera Burratina",
    "price": "59,90 Kč",
    "unit_price": "479.2 Kč/kg",
    "package_amount": "125 g",
    "subcategory_name": "Sýry - Salátové - Mozzarella",
    "subcategory_url": "https://www.rohlik.cz/c300124068-mozzarella-burrata-a-ricotta"
  },
  {
    "name": "Zottarella Proteinové tyčinky 4×21 g",
    "price": "37,90 Kč",
    "unit_price": "451.19 Kč/kg",
    "package_amount": "84 g",
    "subcategory_name": "Sýry - Salátové - Mozzarella",
    "subcategory_url": "https://www.rohlik.cz/c300124068-mozzarella-burrata-a-ricotta"
  },
  {
    "name": "Galbani Burrata",
    "price": "85,90 Kč",
    "unit_price": "572.67 Kč/kg",
    "package_amount": "150 g",
    "subcategory_name": "Sýry - Salátové - Mozzarella",
    "subcategory_url": "https://www.rohlik.cz/c300124068-mozzarella-burrata-a-ricotta"
  },
  {
    "name": "Galbani Mozzarella light",
    "price": "39,90 Kč",
    "unit_price": "319.2 Kč/kg",
    "package_amount": "125 g",
    "subcategory_name": "Sýry - Salátové - Mozzarella",
    "subcategory_url": "https://www.rohlik.cz/c300124068-mozzarella-burrata-a-ricotta"
  },
  {
    "name": "Rohlik.cz Mozzarella Fiordilate",
    "price": "69,90 Kč",
    "unit_price": "349.5 Kč/kg",
    "package_amount": "200 g",
    "subcategory_name": "Sýry - Salátové - Mozzarella",
    "subcategory_url": "https://www.rohlik.cz/c300124068-mozzarella-burrata-a-ricotta"
  },
  {
    "name": "Balsýr Žirovnický sýr balkánského typu",
    "price": "57,90 Kč",
    "unit_price": "289.5 Kč/kg",
    "package_amount": "200 g",
    "subcategory_name": "Sýry - Salátové - Salátové",
    "subcategory_url": "https://www.rohlik.cz/c300124069-salatove-syry"
  },
  {
    "name": "Président Salakis balkánský sýr jemný",
    "price": "69,90 Kč",
    "unit_price": "279.6 Kč/kg",
    "package_amount": "250 g",
    "subcategory_name": "Sýry - Salátové - Salátové",
    "subcategory_url": "https://www.rohlik.cz/c300124069-salatove-syry"
  },
  {
    "name": "Radonický Balkán",
    "price": "33,90 Kč",
    "unit_price": "271.2 Kč/kg",
    "package_amount": "125 g",
    "subcategory_name": "Sýry - Salátové - Salátové",
    "subcategory_url": "https://www.rohlik.cz/c300124069-salatove-syry"
  },
  {
    "name": "Galbani Mozzarella perline perličky",
    "price": "51,90 Kč",
    "unit_price": "346 Kč/kg",
    "package_amount": "150 g",
    "subcategory_name": "Sýry - Salátové - Salátové",
    "subcategory_url": "https://www.rohlik.cz/c300124069-salatove-syry"
  },
  {
    "name": "Madeta Balkánský sýr",
    "price": "35,90 Kč",
    "unit_price": "312.17 Kč/kg",
    "package_amount": "115 g",
    "subcategory_name": "Sýry - Salátové - Salátové",
    "subcategory_url": "https://www.rohlik.cz/c300124069-salatove-syry"
  },
  {
    "name": "Lučina Salátová jemně slaná",
    "price": "53,90 Kč",
    "unit_price": "359.33 Kč/kg",
    "package_amount": "150 g",
    "subcategory_name": "Sýry - Salátové - Salátové",
    "subcategory_url": "https://www.rohlik.cz/c300124069-salatove-syry"
  },
  {
    "name": "Grikios Sýr do salátu",
    "price": "55,90 Kč",
    "unit_price": "207.04 Kč/kg",
    "package_amount": "270 g",
    "subcategory_name": "Sýry - Salátové - Salátové",
    "subcategory_url": "https://www.rohlik.cz/c300124069-salatove-syry"
  },
  {
    "name": "Zott Zottarella Minis classic",
    "price": "43,90 Kč",
    "unit_price": "292.67 Kč/kg",
    "package_amount": "150 g",
    "subcategory_name": "Sýry - Salátové - Salátové",
    "subcategory_url": "https://www.rohlik.cz/c300124069-salatove-syry"
  },
  {
    "name": "Grikios Salátový sýr",
    "price": "66,90 Kč",
    "unit_price": "334.5 Kč/kg",
    "package_amount": "200 g",
    "subcategory_name": "Sýry - Salátové - Salátové",
    "subcategory_url": "https://www.rohlik.cz/c300124069-salatove-syry"
  },
  {
    "name": "Granarolo High protein stracchino",
    "price": "54,40 Kč",
    "unit_price": "340 Kč/kg",
    "package_amount": "160 g",
    "subcategory_name": "Sýry - Salátové - Salátové",
    "subcategory_url": "https://www.rohlik.cz/c300124069-salatove-syry"
  },
  {
    "name": "Formagia Gorgonzola D.O.P.",
    "price": "59,92 Kč",
    "unit_price": "599.2 Kč/kg",
    "package_amount": "100 g",
    "subcategory_name": "Sýry - Plísňové",
    "subcategory_url": "https://www.rohlik.cz/c300123509-plisnove-a-zrajici"
  },
  {
    "name": "Miil Camembert",
    "price": "29,90 Kč",
    "unit_price": "249.17 Kč/kg",
    "package_amount": "120 g",
    "subcategory_name": "Sýry - Plísňové",
    "subcategory_url": "https://www.rohlik.cz/c300123509-plisnove-a-zrajici"
  },
  {
    "name": "Miil Sýr s modrou plísní",
    "price": "32,90 Kč",
    "unit_price": "286.09 Kč/kg",
    "package_amount": "115 g",
    "subcategory_name": "Sýry - Plísňové",
    "subcategory_url": "https://www.rohlik.cz/c300123509-plisnove-a-zrajici"
  },
  {
    "name": "A.W. Olomoucké tvarůžky malé 1%",
    "price": "39,90 Kč",
    "unit_price": "399 Kč/kg",
    "package_amount": "100 g",
    "subcategory_name": "Sýry - Plísňové",
    "subcategory_url": "https://www.rohlik.cz/c300123509-plisnove-a-zrajici"
  },
  {
    "name": "Král sýrů Hermelín Originál",
    "price": "56,90 Kč",
    "unit_price": "474.17 Kč/kg",
    "package_amount": "120 g",
    "subcategory_name": "Sýry - Plísňové",
    "subcategory_url": "https://www.rohlik.cz/c300123509-plisnove-a-zrajici"
  },
  {
    "name": "Sedlčanský Hermelín Figura",
    "price": "44,90 Kč",
    "unit_price": "449 Kč/kg",
    "package_amount": "100 g",
    "subcategory_name": "Sýry - Plísňové",
    "subcategory_url": "https://www.rohlik.cz/c300123509-plisnove-a-zrajici"
  },
  {
    "name": "Madeta Jihočeská niva 45%",
    "price": "37,90 Kč",
    "unit_price": "379 Kč/kg",
    "package_amount": "100 g",
    "subcategory_name": "Sýry - Plísňové",
    "subcategory_url": "https://www.rohlik.cz/c300123509-plisnove-a-zrajici"
  },
  {
    "name": "Sedlčanský Hermelín originál",
    "price": "44,90 Kč",
    "unit_price": "449 Kč/kg",
    "package_amount": "100 g",
    "subcategory_name": "Sýry - Plísňové",
    "subcategory_url": "https://www.rohlik.cz/c300123509-plisnove-a-zrajici"
  },
  {
    "name": "Madeta Romadur měkký zrající sýr",
    "price": "31,90 Kč",
    "unit_price": "319 Kč/kg",
    "package_amount": "100 g",
    "subcategory_name": "Sýry - Plísňové",
    "subcategory_url": "https://www.rohlik.cz/c300123509-plisnove-a-zrajici"
  },
  {
    "name": "Madeta Jihočeská niva 30%",
    "price": "37,90 Kč",
    "unit_price": "379 Kč/kg",
    "package_amount": "100 g",
    "subcategory_name": "Sýry - Plísňové",
    "subcategory_url": "https://www.rohlik.cz/c300123509-plisnove-a-zrajici"
  },
  {
    "name": "Madeta Jihočeský syreček 0,1%",
    "price": "31,90 Kč",
    "unit_price": "354.44 Kč/kg",
    "package_amount": "90 g",
    "subcategory_name": "Sýry - Plísňové",
    "subcategory_url": "https://www.rohlik.cz/c300123509-plisnove-a-zrajici"
  },
  {
    "name": "Sedlčanský Hermelín bez laktózy",
    "price": "44,90 Kč",
    "unit_price": "449 Kč/kg",
    "package_amount": "100 g",
    "subcategory_name": "Sýry - Plísňové",
    "subcategory_url": "https://www.rohlik.cz/c300123509-plisnove-a-zrajici"
  },
  {
    "name": "Sedlčanský Hermelín smetanový",
    "price": "44,90 Kč",
    "unit_price": "449 Kč/kg",
    "package_amount": "100 g",
    "subcategory_name": "Sýry - Plísňové",
    "subcategory_url": "https://www.rohlik.cz/c300123509-plisnove-a-zrajici"
  },
  {
    "name": "Sedlčanský Hermelín na gril s brusinkovou omáčkou, 4 ks",
    "price": "169,90 Kč",
    "unit_price": "424.75 Kč/kg",
    "package_amount": "400 g",
    "subcategory_name": "Sýry - Plísňové",
    "subcategory_url": "https://www.rohlik.cz/c300123509-plisnove-a-zrajici"
  },
  {
    "name": "Miil Parenica uzená",
    "price": "36,90 Kč",
    "unit_price": "335.45 Kč/kg",
    "package_amount": "110 g",
    "subcategory_name": "Sýry - Uzené",
    "subcategory_url": "https://www.rohlik.cz/c300123510-parene-a-uzene"
  },
  {
    "name": "Président Salakis balkánský sýr jemný",
    "price": "69,90 Kč",
    "unit_price": "279.6 Kč/kg",
    "package_amount": "250 g",
    "subcategory_name": "Sýry - Uzené",
    "subcategory_url": "https://www.rohlik.cz/c300123510-parene-a-uzene"
  },
  {
    "name": "Korbáčky přírodní pařené",
    "price": "36,90 Kč",
    "unit_price": "738 Kč/kg",
    "package_amount": "50 g",
    "subcategory_name": "Sýry - Uzené",
    "subcategory_url": "https://www.rohlik.cz/c300123510-parene-a-uzene"
  },
  {
    "name": "Zottarella Proteinové tyčinky 4×21 g",
    "price": "37,90 Kč",
    "unit_price": "451.19 Kč/kg",
    "package_amount": "84 g",
    "subcategory_name": "Sýry - Uzené",
    "subcategory_url": "https://www.rohlik.cz/c300123510-parene-a-uzene"
  },
  {
    "name": "Madeta Jihočeský eidam uzený 44% plátky",
    "price": "34,90 Kč",
    "unit_price": "349 Kč/kg",
    "package_amount": "100 g",
    "subcategory_name": "Sýry - Uzené",
    "subcategory_url": "https://www.rohlik.cz/c300123510-parene-a-uzene"
  },
  {
    "name": "Rohlik.cz Sýrové nitě přírodní",
    "price": "69,80 Kč",
    "unit_price": "649.9 Kč/kg",
    "package_amount": "cca 110 g",
    "subcategory_name": "Sýry - Uzené",
    "subcategory_url": "https://www.rohlik.cz/c300123510-parene-a-uzene"
  },
  {
    "name": "Lacrum Eidam 30% uzené plátky",
    "price": "24,90 Kč",
    "unit_price": "249 Kč/kg",
    "package_amount": "100 g",
    "subcategory_name": "Sýry - Uzené",
    "subcategory_url": "https://www.rohlik.cz/c300123510-parene-a-uzene"
  },
  {
    "name": "Korbáčky uzené",
    "price": "33,90 Kč",
    "unit_price": "678 Kč/kg",
    "package_amount": "50 g",
    "subcategory_name": "Sýry - Uzené",
    "subcategory_url": "https://www.rohlik.cz/c300123510-parene-a-uzene"
  },
  {
    "name": "Liptov Parenica uzená",
    "price": "54,90 Kč",
    "unit_price": "522.86 Kč/kg",
    "package_amount": "105 g",
    "subcategory_name": "Sýry - Uzené",
    "subcategory_url": "https://www.rohlik.cz/c300123510-parene-a-uzene"
  },
  {
    "name": "Mliečna Farma Necpaly Turčianské sýrové korbáčky",
    "price": "72,90 Kč",
    "unit_price": "486 Kč/kg",
    "package_amount": "150 g",
    "subcategory_name": "Sýry - Uzené",
    "subcategory_url": "https://www.rohlik.cz/c300123510-parene-a-uzene"
  },
  {
    "name": "Rohlik.cz Gouda uzená plátky",
    "price": "62,05 Kč",
    "unit_price": "579.9 Kč/kg",
    "package_amount": "cca 110 g",
    "subcategory_name": "Sýry - Uzené",
    "subcategory_url": "https://www.rohlik.cz/c300123510-parene-a-uzene"
  },
  {
    "name": "Miil Sýrové nitě neuzené",
    "price": "34,90 Kč",
    "unit_price": "349 Kč/kg",
    "package_amount": "100 g",
    "subcategory_name": "Sýry - Uzené",
    "subcategory_url": "https://www.rohlik.cz/c300123510-parene-a-uzene"
  },
  {
    "name": "Liptov Oštiepok plátky uzené",
    "price": "44,90 Kč",
    "unit_price": "498.89 Kč/kg",
    "package_amount": "90 g",
    "subcategory_name": "Sýry - Uzené",
    "subcategory_url": "https://www.rohlik.cz/c300123510-parene-a-uzene"
  },
  {
    "name": "Koliba Sýrové kuličky uzené",
    "price": "41,70 Kč",
    "unit_price": "417 Kč/kg",
    "package_amount": "100 g",
    "subcategory_name": "Sýry - Uzené",
    "subcategory_url": "https://www.rohlik.cz/c300123510-parene-a-uzene"
  },
  {
    "name": "Dodoni Halloumi",
    "price": "109,90 Kč",
    "unit_price": "488.44 Kč/kg",
    "package_amount": "225 g",
    "subcategory_name": "Sýry - No gril",
    "subcategory_url": "https://www.rohlik.cz/c300124071-na-gril-a-panev"
  },
  {
    "name": "Krajánek Sýr na pánev i na gril  s nivou (2×50 g)",
    "price": "37,90 Kč",
    "unit_price": "379 Kč/kg",
    "package_amount": "100 g",
    "subcategory_name": "Sýry - No gril",
    "subcategory_url": "https://www.rohlik.cz/c300124071-na-gril-a-panev"
  },
  {
    "name": "Madeta Sýr na pánev klasik, 2ks",
    "price": "41,90 Kč",
    "unit_price": "419 Kč/kg",
    "package_amount": "100 g",
    "subcategory_name": "Sýry - No gril",
    "subcategory_url": "https://www.rohlik.cz/c300124071-na-gril-a-panev"
  },
  {
    "name": "Krajánek Sýr na pánev i na gril  s tvarůžky (2×50 g)",
    "price": "37,90 Kč",
    "unit_price": "379 Kč/kg",
    "package_amount": "100 g",
    "subcategory_name": "Sýry - No gril",
    "subcategory_url": "https://www.rohlik.cz/c300124071-na-gril-a-panev"
  },
  {
    "name": "Axios Halloumi bloček",
    "price": "94,90 Kč",
    "unit_price": "474.5 Kč/kg",
    "package_amount": "200 g",
    "subcategory_name": "Sýry - No gril",
    "subcategory_url": "https://www.rohlik.cz/c300124071-na-gril-a-panev"
  },
  {
    "name": "Sedlčanský Hermelín na gril s brusinkovou omáčkou, 4 ks",
    "price": "169,90 Kč",
    "unit_price": "424.75 Kč/kg",
    "package_amount": "400 g",
    "subcategory_name": "Sýry - No gril",
    "subcategory_url": "https://www.rohlik.cz/c300124071-na-gril-a-panev"
  },
  {
    "name": "Sedlčanský Hermelín na gril s grilovacím kořením, 4 ks",
    "price": "209,90 Kč",
    "unit_price": "524.75 Kč/kg",
    "package_amount": "400 g",
    "subcategory_name": "Sýry - No gril",
    "subcategory_url": "https://www.rohlik.cz/c300124071-na-gril-a-panev"
  },
  {
    "name": "Grikios Grilovací sýr",
    "price": "79,90 Kč",
    "unit_price": "399.5 Kč/kg",
    "package_amount": "200 g",
    "subcategory_name": "Sýry - No gril",
    "subcategory_url": "https://www.rohlik.cz/c300124071-na-gril-a-panev"
  },
  {
    "name": "Koliba Oštěpky na gril (4×60 g) s brusinkovou omáčkou",
    "price": "99,90 Kč",
    "unit_price": "344.48 Kč/kg",
    "package_amount": "290 g",
    "subcategory_name": "Sýry - No gril",
    "subcategory_url": "https://www.rohlik.cz/c300124071-na-gril-a-panev"
  },
  {
    "name": "Laktos Allami sýr na grilování",
    "price": "84,90 Kč",
    "unit_price": "424.5 Kč/kg",
    "package_amount": "200 g",
    "subcategory_name": "Sýry - No gril",
    "subcategory_url": "https://www.rohlik.cz/c300124071-na-gril-a-panev"
  },
  {
    "name": "Sedlčanský Hermelín Protein",
    "price": "44,90 Kč",
    "unit_price": "449 Kč/kg",
    "package_amount": "100 g",
    "subcategory_name": "Sýry - No gril",
    "subcategory_url": "https://www.rohlik.cz/c300124071-na-gril-a-panev"
  },
  {
    "name": "Grikios Halloumi CHOP",
    "price": "99,90 Kč",
    "unit_price": "555 Kč/kg",
    "package_amount": "180 g",
    "subcategory_name": "Sýry - No gril",
    "subcategory_url": "https://www.rohlik.cz/c300124071-na-gril-a-panev"
  },
  {
    "name": "Président Cheddar Nugetky, 6×25 g",
    "price": "79,90 Kč",
    "unit_price": "532.67 Kč/kg",
    "package_amount": "150 g",
    "subcategory_name": "Sýry - No gril",
    "subcategory_url": "https://www.rohlik.cz/c300124071-na-gril-a-panev"
  },
  {
    "name": "Street food Grilovací sýry camembert, romadur a brusinková omáčka",
    "price": "118,90 Kč",
    "unit_price": "383.55 Kč/kg",
    "package_amount": "310 g",
    "subcategory_name": "Sýry - No gril",
    "subcategory_url": "https://www.rohlik.cz/c300124071-na-gril-a-panev"
  },
  {
    "name": "Entremont Raclette plátky",
    "price": "239,90 Kč",
    "unit_price": "599.75 Kč/kg",
    "package_amount": "400 g",
    "subcategory_name": "Sýry - Fondue",
    "subcategory_url": "https://www.rohlik.cz/c300124072-fondue-a-raclette"
  },
  {
    "name": "Rohlik.cz Raclette výkroj",
    "price": "109,90 Kč",
    "unit_price": "915.83 Kč/kg",
    "package_amount": "120 g",
    "subcategory_name": "Sýry - Fondue",
    "subcategory_url": "https://www.rohlik.cz/c300124072-fondue-a-raclette"
  },
  {
    "name": "RichesMonts Foundue na savojský způsob",
    "price": "79,90 Kč",
    "unit_price": "532.67 Kč/kg",
    "package_amount": "150 g",
    "subcategory_name": "Sýry - Fondue",
    "subcategory_url": "https://www.rohlik.cz/c300124072-fondue-a-raclette"
  },
  {
    "name": "Le Superbe 1862 Swiss Fondue",
    "price": "259,90 Kč",
    "unit_price": "649.75 Kč/kg",
    "package_amount": "400 g",
    "subcategory_name": "Sýry - Fondue",
    "subcategory_url": "https://www.rohlik.cz/c300124072-fondue-a-raclette"
  },
  {
    "name": "Rohlik.cz Sýrový box Fondue",
    "price": "499 Kč",
    "unit_price": "907.27 Kč/kg",
    "package_amount": "0,55 kg",
    "subcategory_name": "Sýry - Fondue",
    "subcategory_url": "https://www.rohlik.cz/c300124072-fondue-a-raclette"
  },
  {
    "name": "Rohlik.cz Sýrový box Raclette",
    "price": "499 Kč",
    "unit_price": "907.27 Kč/kg",
    "package_amount": "0,55 kg",
    "subcategory_name": "Sýry - Fondue",
    "subcategory_url": "https://www.rohlik.cz/c300124072-fondue-a-raclette"
  },
  {
    "name": "Džiugas Mild tvrdý sýr zrající 12 měsíců",
    "price": "109,90 Kč",
    "unit_price": "610.56 Kč/kg",
    "package_amount": "180 g",
    "subcategory_name": "Sýry - Pobaltské",
    "subcategory_url": "https://www.rohlik.cz/c300120681-pobaltske"
  },
  {
    "name": "Džiugas BIO tvrdý sýr zrající 24 měsíců",
    "price": "162,90 Kč",
    "unit_price": "905 Kč/kg",
    "package_amount": "180 g",
    "subcategory_name": "Sýry - Pobaltské",
    "subcategory_url": "https://www.rohlik.cz/c300120681-pobaltske"
  },
  {
    "name": "Džiugas Delicate tvrdý sýr zrající 24 měsíců",
    "price": "129,90 Kč",
    "unit_price": "721.67 Kč/kg",
    "package_amount": "180 g",
    "subcategory_name": "Sýry - Pobaltské",
    "subcategory_url": "https://www.rohlik.cz/c300120681-pobaltske"
  },
  {
    "name": "Rohlik.cz  Emmental 45% plátky",
    "price": "50,66 Kč",
    "unit_price": "469.94 Kč/kg",
    "package_amount": "cca 110 g",
    "subcategory_name": "Sýry - K vínu",
    "subcategory_url": "https://www.rohlik.cz/c300122648-syry-k-vinu"
  },
  {
    "name": "Parmareggio Parmigiano Reggiano parmezán 12 měsíců",
    "price": "151,90 Kč",
    "unit_price": "1012.67 Kč/kg",
    "package_amount": "150 g",
    "subcategory_name": "Sýry - K vínu",
    "subcategory_url": "https://www.rohlik.cz/c300122648-syry-k-vinu"
  },
  {
    "name": "Gouda s lanýži",
    "price": "118,94 Kč",
    "unit_price": "905.9 Kč/kg",
    "package_amount": "cca 130 g",
    "subcategory_name": "Sýry - K vínu",
    "subcategory_url": "https://www.rohlik.cz/c300122648-syry-k-vinu"
  },
  {
    "name": "BIO Kozí sýr",
    "price": "106 Kč",
    "unit_price": "876.9 Kč/kg",
    "package_amount": "cca 120 g",
    "subcategory_name": "Sýry - K vínu",
    "subcategory_url": "https://www.rohlik.cz/c300122648-syry-k-vinu"
  },
  {
    "name": "Old Amsterdam kostky",
    "price": "124,90 Kč",
    "unit_price": "832.67 Kč/kg",
    "package_amount": "150 g",
    "subcategory_name": "Sýry - K vínu",
    "subcategory_url": "https://www.rohlik.cz/c300122648-syry-k-vinu"
  },
  {
    "name": "Heinrichsthaler Emmental 45% plátky",
    "price": "62,90 Kč",
    "unit_price": "503.2 Kč/kg",
    "package_amount": "125 g",
    "subcategory_name": "Sýry - K vínu",
    "subcategory_url": "https://www.rohlik.cz/c300122648-syry-k-vinu"
  },
  {
    "name": "Président 12Petits Chevres Doux kozí sýr",
    "price": "124,90 Kč",
    "unit_price": "624.5 Kč/kg",
    "package_amount": "200 g",
    "subcategory_name": "Sýry - K vínu",
    "subcategory_url": "https://www.rohlik.cz/c300122648-syry-k-vinu"
  },
  {
    "name": "Président Emmental bloček",
    "price": "136,20 Kč",
    "unit_price": "544.8 Kč/kg",
    "package_amount": "250 g",
    "subcategory_name": "Sýry - K vínu",
    "subcategory_url": "https://www.rohlik.cz/c300122648-syry-k-vinu"
  },
  {
    "name": "Rohlik.cz Gouda uleželá 14 týdnů výkroj",
    "price": "87,50 Kč",
    "unit_price": "729.17 Kč/kg",
    "package_amount": "120 g",
    "subcategory_name": "Sýry - K vínu",
    "subcategory_url": "https://www.rohlik.cz/c300122648-syry-k-vinu"
  },
  {
    "name": "Rohlik.cz Gouda s chilli výkroj",
    "price": "69,90 Kč",
    "unit_price": "582.5 Kč/kg",
    "package_amount": "120 g",
    "subcategory_name": "Sýry - K vínu",
    "subcategory_url": "https://www.rohlik.cz/c300122648-syry-k-vinu"
  },
  {
    "name": "Le Rustique Brie",
    "price": "91,40 Kč",
    "unit_price": "457 Kč/kg",
    "package_amount": "200 g",
    "subcategory_name": "Sýry - K vínu",
    "subcategory_url": "https://www.rohlik.cz/c300122648-syry-k-vinu"
  },
  {
    "name": "Président La Buche fondante kozí sýr",
    "price": "129,90 Kč",
    "unit_price": "721.67 Kč/kg",
    "package_amount": "180 g",
    "subcategory_name": "Sýry - K vínu",
    "subcategory_url": "https://www.rohlik.cz/c300122648-syry-k-vinu"
  },
  {
    "name": "Rohlik.cz Gouda s bylinkami výkroj",
    "price": "82,60 Kč",
    "unit_price": "688.33 Kč/kg",
    "package_amount": "120 g",
    "subcategory_name": "Sýry - K vínu",
    "subcategory_url": "https://www.rohlik.cz/c300122648-syry-k-vinu"
  },
  {
    "name": "Président 6Petits Chévres kozí sýr",
    "price": "84,90 Kč",
    "unit_price": "849 Kč/kg",
    "package_amount": "100 g",
    "subcategory_name": "Sýry - K vínu",
    "subcategory_url": "https://www.rohlik.cz/c300122648-syry-k-vinu"
  },
  {
    "name": "Cheesupers mozzarellové tyčinky",
    "price": "41,90 Kč",
    "unit_price": "523.75 Kč/kg",
    "package_amount": "80 g",
    "subcategory_name": "Sýry - Snacky",
    "subcategory_url": "https://www.rohlik.cz/c300124065-syrove-snacky-a-pro-deti"
  },
  {
    "name": "Veselá Kráva Sýr a křup 4 ks",
    "price": "64,90 Kč",
    "unit_price": "463.57 Kč/kg",
    "package_amount": "140 g",
    "subcategory_name": "Sýry - Snacky",
    "subcategory_url": "https://www.rohlik.cz/c300124065-syrove-snacky-a-pro-deti"
  },
  {
    "name": "Madeta Lipánek sýr 48% plátky",
    "price": "36,90 Kč",
    "unit_price": "369 Kč/kg",
    "package_amount": "100 g",
    "subcategory_name": "Sýry - Snacky",
    "subcategory_url": "https://www.rohlik.cz/c300124065-syrove-snacky-a-pro-deti"
  },
  {
    "name": "Kiri Křup Tavený sýr a trvanlivé pečivo",
    "price": "19,90 Kč",
    "unit_price": "568.57 Kč/kg",
    "package_amount": "35 g",
    "subcategory_name": "Sýry - Snacky",
    "subcategory_url": "https://www.rohlik.cz/c300124065-syrove-snacky-a-pro-deti"
  },
  {
    "name": "Kiri Křup Tavený sýr a trvanlivé pečivo family pack 3×35 g",
    "price": "59,90 Kč",
    "unit_price": "570.48 Kč/kg",
    "package_amount": "105 g",
    "subcategory_name": "Sýry - Snacky",
    "subcategory_url": "https://www.rohlik.cz/c300124065-syrove-snacky-a-pro-deti"
  },
  {
    "name": "Milko Sýrové tyčky 4×20 g",
    "price": "39,90 Kč",
    "unit_price": "498.75 Kč/kg",
    "package_amount": "80 g",
    "subcategory_name": "Sýry - Snacky",
    "subcategory_url": "https://www.rohlik.cz/c300124065-syrove-snacky-a-pro-deti"
  },
  {
    "name": "Mini Babybel Original 9×20 g",
    "price": "119,90 Kč",
    "unit_price": "666.11 Kč/kg",
    "package_amount": "180 g",
    "subcategory_name": "Sýry - Snacky",
    "subcategory_url": "https://www.rohlik.cz/c300124065-syrove-snacky-a-pro-deti"
  },
  {
    "name": "Veselá kráva Sýr a křup s šunkovou příchutí",
    "price": "17,90 Kč",
    "unit_price": "511.43 Kč/kg",
    "package_amount": "35 g",
    "subcategory_name": "Sýry - Snacky",
    "subcategory_url": "https://www.rohlik.cz/c300124065-syrove-snacky-a-pro-deti"
  },
  {
    "name": "Kiri Křup tavený sýr a pizza tyčinky",
    "price": "19,90 Kč",
    "unit_price": "568.57 Kč/kg",
    "package_amount": "35 g",
    "subcategory_name": "Sýry - Snacky",
    "subcategory_url": "https://www.rohlik.cz/c300124065-syrove-snacky-a-pro-deti"
  },
  {
    "name": "Mini Babybel Original",
    "price": "67,90 Kč",
    "unit_price": "679 Kč/kg",
    "package_amount": "100 g",
    "subcategory_name": "Sýry - Snacky",
    "subcategory_url": "https://www.rohlik.cz/c300124065-syrove-snacky-a-pro-deti"
  },
  {
    "name": "Mini Babybel Mini rolls",
    "price": "89,90 Kč",
    "unit_price": "1057.65 Kč/kg",
    "package_amount": "85 g",
    "subcategory_name": "Sýry - Snacky",
    "subcategory_url": "https://www.rohlik.cz/c300124065-syrove-snacky-a-pro-deti"
  },
  {
    "name": "Parmareggio L'ABC Snack Parmazán, tyčinky a ovocný nápoj",
    "price": "34,90 Kč",
    "unit_price": "222.29 Kč/kg",
    "package_amount": "157 g",
    "subcategory_name": "Sýry - Snacky",
    "subcategory_url": "https://www.rohlik.cz/c300124065-syrove-snacky-a-pro-deti"
  },
  {
    "name": "Veselá kráva Sýr a křup s příchutí pizza 4 ks",
    "price": "62,90 Kč",
    "unit_price": "449.29 Kč/kg",
    "package_amount": "140 g",
    "subcategory_name": "Sýry - Snacky",
    "subcategory_url": "https://www.rohlik.cz/c300124065-syrove-snacky-a-pro-deti"
  },
  {
    "name": "Veselá kráva Sýr a křup přírodní",
    "price": "17,90 Kč",
    "unit_price": "511.43 Kč/kg",
    "package_amount": "35 g",
    "subcategory_name": "Sýry - Snacky",
    "subcategory_url": "https://www.rohlik.cz/c300124065-syrove-snacky-a-pro-deti"
  },
  {
    "name": "Hellmann's Majonéza Original",
    "price": "99,90 Kč",
    "unit_price": "246.67 Kč/l",
    "package_amount": "405 ml",
    "subcategory_name": "Majonézy",
    "subcategory_url": "https://www.rohlik.cz/c300105060-majonezy"
  },
  {
    "name": "Spak Majonéza",
    "price": "10,90 Kč",
    "unit_price": "109 Kč/l",
    "package_amount": "100 ml",
    "subcategory_name": "Majonézy",
    "subcategory_url": "https://www.rohlik.cz/c300105060-majonezy"
  },
  {
    "name": "Hellmann's Majonéza",
    "price": "64,90 Kč",
    "unit_price": "129.8 Kč/l",
    "package_amount": "500 ml",
    "subcategory_name": "Majonézy",
    "subcategory_url": "https://www.rohlik.cz/c300105060-majonezy"
  },
  {
    "name": "Agricol Poličanka majonéza",
    "price": "32,90 Kč",
    "unit_price": "131.6 Kč/kg",
    "package_amount": "250 g",
    "subcategory_name": "Majonézy",
    "subcategory_url": "https://www.rohlik.cz/c300105060-majonezy"
  },
  {
    "name": "Hellmann's Majonéza Original",
    "price": "49,90 Kč",
    "unit_price": "237.62 Kč/l",
    "package_amount": "210 ml",
    "subcategory_name": "Majonézy",
    "subcategory_url": "https://www.rohlik.cz/c300105060-majonezy"
  },
  {
    "name": "Hellmann's Yofresh",
    "price": "98,90 Kč",
    "unit_price": "244.2 Kč/l",
    "package_amount": "405 ml",
    "subcategory_name": "Majonézy",
    "subcategory_url": "https://www.rohlik.cz/c300105060-majonezy"
  },
  {
    "name": "Heinz Majonéza Seriously Good",
    "price": "99,90 Kč",
    "unit_price": "249.75 Kč/l",
    "package_amount": "400 ml",
    "subcategory_name": "Majonézy",
    "subcategory_url": "https://www.rohlik.cz/c300105060-majonezy"
  },
  {
    "name": "Hellmann's Majonéza Original",
    "price": "114,90 Kč",
    "unit_price": "183.84 Kč/l",
    "package_amount": "0,625 l",
    "subcategory_name": "Majonézy",
    "subcategory_url": "https://www.rohlik.cz/c300105060-majonezy"
  },
  {
    "name": "Kewpie Majonéza v japonském stylu",
    "price": "149,90 Kč",
    "unit_price": "422.25 Kč/l",
    "package_amount": "355 ml",
    "subcategory_name": "Majonézy",
    "subcategory_url": "https://www.rohlik.cz/c300105060-majonezy"
  },
  {
    "name": "Hellmann's Majonéza delikátní",
    "price": "109,90 Kč",
    "unit_price": "271.36 Kč/l",
    "package_amount": "405 ml",
    "subcategory_name": "Majonézy",
    "subcategory_url": "https://www.rohlik.cz/c300105060-majonezy"
  },
  {
    "name": "Heinz Mayochup",
    "price": "99,90 Kč",
    "unit_price": "240.72 Kč/l",
    "package_amount": "415 ml",
    "subcategory_name": "Majonézy",
    "subcategory_url": "https://www.rohlik.cz/c300105060-majonezy"
  },
  {
    "name": "Vitana Poctivá majonéza",
    "price": "48,90 Kč",
    "unit_price": "217.33 Kč/l",
    "package_amount": "225 ml",
    "subcategory_name": "Majonézy",
    "subcategory_url": "https://www.rohlik.cz/c300105060-majonezy"
  },
  {
    "name": "Heinz Majonéza Seriously good",
    "price": "102,10 Kč",
    "unit_price": "212.71 Kč/l",
    "package_amount": "480 ml",
    "subcategory_name": "Majonézy",
    "subcategory_url": "https://www.rohlik.cz/c300105060-majonezy"
  },
  {
    "name": "Spak Mayo 50% vegan",
    "price": "39,90 Kč",
    "unit_price": "159.6 Kč/l",
    "package_amount": "250 ml",
    "subcategory_name": "Majonézy",
    "subcategory_url": "https://www.rohlik.cz/c300105060-majonezy"
  },
  {
    "name": "Hellmann's Tatarská omáčka",
    "price": "74,90 Kč",
    "unit_price": "299.6 Kč/l",
    "package_amount": "250 ml",
    "subcategory_name": "Dresingy",
    "subcategory_url": "https://www.rohlik.cz/c300105061-salatove-dresingy"
  },
  {
    "name": "Hellmann´s Omáčka se sýrem čedar",
    "price": "73,90 Kč",
    "unit_price": "295.6 Kč/l",
    "package_amount": "250 ml",
    "subcategory_name": "Dresingy",
    "subcategory_url": "https://www.rohlik.cz/c300105061-salatove-dresingy"
  },
  {
    "name": "Spak Bylinkový dressing s jogurtem",
    "price": "70,90 Kč",
    "unit_price": "283.6 Kč/l",
    "package_amount": "250 ml",
    "subcategory_name": "Dresingy",
    "subcategory_url": "https://www.rohlik.cz/c300105061-salatove-dresingy"
  },
  {
    "name": "Hellmann's Dresink Caesar",
    "price": "74,90 Kč",
    "unit_price": "299.6 Kč/l",
    "package_amount": "250 ml",
    "subcategory_name": "Dresingy",
    "subcategory_url": "https://www.rohlik.cz/c300105061-salatove-dresingy"
  },
  {
    "name": "Thomy Francouzský dresink",
    "price": "71,90 Kč",
    "unit_price": "198.07 Kč/l",
    "package_amount": "363 ml",
    "subcategory_name": "Dresingy",
    "subcategory_url": "https://www.rohlik.cz/c300105061-salatove-dresingy"
  },
  {
    "name": "Spak Dressing 1000 ostrovů",
    "price": "70,90 Kč",
    "unit_price": "283.6 Kč/l",
    "package_amount": "250 ml",
    "subcategory_name": "Dresingy",
    "subcategory_url": "https://www.rohlik.cz/c300105061-salatove-dresingy"
  },
  {
    "name": "Hellmann's Dresink medovohořčicový",
    "price": "74,90 Kč",
    "unit_price": "299.6 Kč/l",
    "package_amount": "250 ml",
    "subcategory_name": "Dresingy",
    "subcategory_url": "https://www.rohlik.cz/c300105061-salatove-dresingy"
  },
  {
    "name": "Hellmann's Omáčka sweet chilli samba",
    "price": "74,90 Kč",
    "unit_price": "299.6 Kč/l",
    "package_amount": "250 ml",
    "subcategory_name": "Dresingy",
    "subcategory_url": "https://www.rohlik.cz/c300105061-salatove-dresingy"
  },
  {
    "name": "Spak Americký dressing s jogurtem",
    "price": "70,90 Kč",
    "unit_price": "283.6 Kč/l",
    "package_amount": "250 ml",
    "subcategory_name": "Dresingy",
    "subcategory_url": "https://www.rohlik.cz/c300105061-salatove-dresingy"
  },
  {
    "name": "Hellmann's Omáčka k masu tzatziky",
    "price": "73,90 Kč",
    "unit_price": "295.6 Kč/l",
    "package_amount": "250 ml",
    "subcategory_name": "Dresingy",
    "subcategory_url": "https://www.rohlik.cz/c300105061-salatove-dresingy"
  },
  {
    "name": "Hellmann's Avokádo & Limeta omáčka",
    "price": "73,90 Kč",
    "unit_price": "295.6 Kč/l",
    "package_amount": "250 ml",
    "subcategory_name": "Dresingy",
    "subcategory_url": "https://www.rohlik.cz/c300105061-salatove-dresingy"
  },
  {
    "name": "Optimahl cleanline Caesar dresink",
    "price": "35,90 Kč",
    "unit_price": "448.75 Kč/l",
    "package_amount": "80 ml",
    "subcategory_name": "Dresingy",
    "subcategory_url": "https://www.rohlik.cz/c300105061-salatove-dresingy"
  },
  {
    "name": "Thomy Dresink s fíky a hořčicí",
    "price": "74,90 Kč",
    "unit_price": "206.91 Kč/l",
    "package_amount": "362 ml",
    "subcategory_name": "Dresingy",
    "subcategory_url": "https://www.rohlik.cz/c300105061-salatove-dresingy"
  },
  {
    "name": "Hellmann’s Extra chilli sauce",
    "price": "74,90 Kč",
    "unit_price": "304.47 Kč/l",
    "package_amount": "246 ml",
    "subcategory_name": "Dresingy",
    "subcategory_url": "https://www.rohlik.cz/c300105061-salatove-dresingy"
  },
  {
    "name": "Hellmann's Tatarská omáčka",
    "price": "74,90 Kč",
    "unit_price": "299.6 Kč/l",
    "package_amount": "250 ml",
    "subcategory_name": "Tatarské omáčky",
    "subcategory_url": "https://www.rohlik.cz/c300105061-salatove-dresingy"
  },
  {
    "name": "Hellmann´s Omáčka se sýrem čedar",
    "price": "73,90 Kč",
    "unit_price": "295.6 Kč/l",
    "package_amount": "250 ml",
    "subcategory_name": "Tatarské omáčky",
    "subcategory_url": "https://www.rohlik.cz/c300105061-salatove-dresingy"
  },
  {
    "name": "Spak Bylinkový dressing s jogurtem",
    "price": "70,90 Kč",
    "unit_price": "283.6 Kč/l",
    "package_amount": "250 ml",
    "subcategory_name": "Tatarské omáčky",
    "subcategory_url": "https://www.rohlik.cz/c300105061-salatove-dresingy"
  },
  {
    "name": "Hellmann's Dresink Caesar",
    "price": "74,90 Kč",
    "unit_price": "299.6 Kč/l",
    "package_amount": "250 ml",
    "subcategory_name": "Tatarské omáčky",
    "subcategory_url": "https://www.rohlik.cz/c300105061-salatove-dresingy"
  },
  {
    "name": "Thomy Francouzský dresink",
    "price": "71,90 Kč",
    "unit_price": "198.07 Kč/l",
    "package_amount": "363 ml",
    "subcategory_name": "Tatarské omáčky",
    "subcategory_url": "https://www.rohlik.cz/c300105061-salatove-dresingy"
  },
  {
    "name": "Spak Dressing 1000 ostrovů",
    "price": "70,90 Kč",
    "unit_price": "283.6 Kč/l",
    "package_amount": "250 ml",
    "subcategory_name": "Tatarské omáčky",
    "subcategory_url": "https://www.rohlik.cz/c300105061-salatove-dresingy"
  },
  {
    "name": "Hellmann's Dresink medovohořčicový",
    "price": "74,90 Kč",
    "unit_price": "299.6 Kč/l",
    "package_amount": "250 ml",
    "subcategory_name": "Tatarské omáčky",
    "subcategory_url": "https://www.rohlik.cz/c300105061-salatove-dresingy"
  },
  {
    "name": "Hellmann's Omáčka sweet chilli samba",
    "price": "74,90 Kč",
    "unit_price": "299.6 Kč/l",
    "package_amount": "250 ml",
    "subcategory_name": "Tatarské omáčky",
    "subcategory_url": "https://www.rohlik.cz/c300105061-salatove-dresingy"
  },
  {
    "name": "Spak Americký dressing s jogurtem",
    "price": "70,90 Kč",
    "unit_price": "283.6 Kč/l",
    "package_amount": "250 ml",
    "subcategory_name": "Tatarské omáčky",
    "subcategory_url": "https://www.rohlik.cz/c300105061-salatove-dresingy"
  },
  {
    "name": "Hellmann's Omáčka k masu tzatziky",
    "price": "73,90 Kč",
    "unit_price": "295.6 Kč/l",
    "package_amount": "250 ml",
    "subcategory_name": "Tatarské omáčky",
    "subcategory_url": "https://www.rohlik.cz/c300105061-salatove-dresingy"
  },
  {
    "name": "Hellmann's Avokádo & Limeta omáčka",
    "price": "73,90 Kč",
    "unit_price": "295.6 Kč/l",
    "package_amount": "250 ml",
    "subcategory_name": "Tatarské omáčky",
    "subcategory_url": "https://www.rohlik.cz/c300105061-salatove-dresingy"
  },
  {
    "name": "Optimahl cleanline Caesar dresink",
    "price": "35,90 Kč",
    "unit_price": "448.75 Kč/l",
    "package_amount": "80 ml",
    "subcategory_name": "Tatarské omáčky",
    "subcategory_url": "https://www.rohlik.cz/c300105061-salatove-dresingy"
  },
  {
    "name": "Thomy Dresink s fíky a hořčicí",
    "price": "74,90 Kč",
    "unit_price": "206.91 Kč/l",
    "package_amount": "362 ml",
    "subcategory_name": "Tatarské omáčky",
    "subcategory_url": "https://www.rohlik.cz/c300105061-salatove-dresingy"
  },
  {
    "name": "Hellmann’s Extra chilli sauce",
    "price": "74,90 Kč",
    "unit_price": "304.47 Kč/l",
    "package_amount": "246 ml",
    "subcategory_name": "Tatarské omáčky",
    "subcategory_url": "https://www.rohlik.cz/c300105061-salatove-dresingy"
  },
  {
    "name": "Miil BIO Jogurt jahodový",
    "price": "14,90 Kč",
    "unit_price": "99.33 Kč/kg",
    "package_amount": "150 g",
    "subcategory_name": "Jogurty - Ochucené",
    "subcategory_url": "https://www.rohlik.cz/c300105010-ochucene"
  },
  {
    "name": "Müller Mix Vanilkový jogurt s čokoládovými kuličkami",
    "price": "21,90 Kč",
    "unit_price": "168.46 Kč/kg",
    "package_amount": "130 g",
    "subcategory_name": "Jogurty - Ochucené",
    "subcategory_url": "https://www.rohlik.cz/c300105010-ochucene"
  },
  {
    "name": "Miil Smetanový jogurt stracciatella",
    "price": "12,90 Kč",
    "unit_price": "86 Kč/kg",
    "package_amount": "150 g",
    "subcategory_name": "Jogurty - Ochucené",
    "subcategory_url": "https://www.rohlik.cz/c300105010-ochucene"
  },
  {
    "name": "Miil Smetanový jogurt meruňkový",
    "price": "12,90 Kč",
    "unit_price": "86 Kč/kg",
    "package_amount": "150 g",
    "subcategory_name": "Jogurty - Ochucené",
    "subcategory_url": "https://www.rohlik.cz/c300105010-ochucene"
  },
  {
    "name": "Mlékárna Kunín Sametový jogurt jahoda",
    "price": "10,90 Kč",
    "unit_price": "72.67 Kč/kg",
    "package_amount": "150 g",
    "subcategory_name": "Jogurty - Ochucené",
    "subcategory_url": "https://www.rohlik.cz/c300105010-ochucene"
  },
  {
    "name": "Miil Smetanový jogurt jahodový",
    "price": "12,90 Kč",
    "unit_price": "86 Kč/kg",
    "package_amount": "150 g",
    "subcategory_name": "Jogurty - Ochucené",
    "subcategory_url": "https://www.rohlik.cz/c300105010-ochucene"
  },
  {
    "name": "Kostíci Barvíci jogurt vanilkový",
    "price": "21,90 Kč",
    "unit_price": "200.92 Kč/kg",
    "package_amount": "109 g",
    "subcategory_name": "Jogurty - Ochucené",
    "subcategory_url": "https://www.rohlik.cz/c300105010-ochucene"
  },
  {
    "name": "Miil Krémový jogurt jahodový",
    "price": "10,90 Kč",
    "unit_price": "72.67 Kč/kg",
    "package_amount": "150 g",
    "subcategory_name": "Jogurty - Ochucené",
    "subcategory_url": "https://www.rohlik.cz/c300105010-ochucene"
  },
  {
    "name": "Pribináček Kapsík vanilka",
    "price": "24,90 Kč",
    "unit_price": "355.71 Kč/kg",
    "package_amount": "70 g",
    "subcategory_name": "Jogurty - Ochucené",
    "subcategory_url": "https://www.rohlik.cz/c300105010-ochucene"
  },
  {
    "name": "Miil Smetanový jogurt višňový",
    "price": "12,90 Kč",
    "unit_price": "86 Kč/kg",
    "package_amount": "150 g",
    "subcategory_name": "Jogurty - Ochucené",
    "subcategory_url": "https://www.rohlik.cz/c300105010-ochucene"
  },
  {
    "name": "Miil Krémový jogurt borůvkový",
    "price": "10,90 Kč",
    "unit_price": "72.67 Kč/kg",
    "package_amount": "150 g",
    "subcategory_name": "Jogurty - Ochucené",
    "subcategory_url": "https://www.rohlik.cz/c300105010-ochucene"
  },
  {
    "name": "Miil Krémový jogurt lesní směs",
    "price": "10,90 Kč",
    "unit_price": "72.67 Kč/kg",
    "package_amount": "150 g",
    "subcategory_name": "Jogurty - Ochucené",
    "subcategory_url": "https://www.rohlik.cz/c300105010-ochucene"
  },
  {
    "name": "Müller Mix Jogurt Chantilly s čokoládovými oplatkami",
    "price": "21,90 Kč",
    "unit_price": "168.46 Kč/kg",
    "package_amount": "130 g",
    "subcategory_name": "Jogurty - Ochucené",
    "subcategory_url": "https://www.rohlik.cz/c300105010-ochucene"
  },
  {
    "name": "Olma Florian smetanový jogurt stracciatella",
    "price": "17,90 Kč",
    "unit_price": "119.33 Kč/kg",
    "package_amount": "150 g",
    "subcategory_name": "Jogurty - Ochucené",
    "subcategory_url": "https://www.rohlik.cz/c300105010-ochucene"
  },
  {
    "name": "Miil Krémový jogurt borůvka, kapsička",
    "price": "16,90 Kč",
    "unit_price": "140.83 Kč/kg",
    "package_amount": "120 g",
    "subcategory_name": "Jogurty - Dětské dezerty",
    "subcategory_url": "https://www.rohlik.cz/c300123542-detske-dezerty-tycinky-a-rezy"
  },
  {
    "name": "Miil Sloník tvarohový dezert vanilkový",
    "price": "16,90 Kč",
    "unit_price": "130 Kč/kg",
    "package_amount": "130 g",
    "subcategory_name": "Jogurty - Dětské dezerty",
    "subcategory_url": "https://www.rohlik.cz/c300123542-detske-dezerty-tycinky-a-rezy"
  },
  {
    "name": "Miil Sloník DUO tvarohový dezert vanilka kakao",
    "price": "16,90 Kč",
    "unit_price": "130 Kč/kg",
    "package_amount": "130 g",
    "subcategory_name": "Jogurty - Dětské dezerty",
    "subcategory_url": "https://www.rohlik.cz/c300123542-detske-dezerty-tycinky-a-rezy"
  },
  {
    "name": "Miil Sloník tvarohový dezert kakaový",
    "price": "16,90 Kč",
    "unit_price": "130 Kč/kg",
    "package_amount": "130 g",
    "subcategory_name": "Jogurty - Dětské dezerty",
    "subcategory_url": "https://www.rohlik.cz/c300123542-detske-dezerty-tycinky-a-rezy"
  },
  {
    "name": "Miil Krémový jogurt jahoda, kapsička",
    "price": "16,90 Kč",
    "unit_price": "140.83 Kč/kg",
    "package_amount": "120 g",
    "subcategory_name": "Jogurty - Dětské dezerty",
    "subcategory_url": "https://www.rohlik.cz/c300123542-detske-dezerty-tycinky-a-rezy"
  },
  {
    "name": "Miil Krémový jogurt banán, kapsička",
    "price": "16,90 Kč",
    "unit_price": "140.83 Kč/kg",
    "package_amount": "120 g",
    "subcategory_name": "Jogurty - Dětské dezerty",
    "subcategory_url": "https://www.rohlik.cz/c300123542-detske-dezerty-tycinky-a-rezy"
  },
  {
    "name": "Kostíci Barvíci jogurt vanilkový",
    "price": "21,90 Kč",
    "unit_price": "200.92 Kč/kg",
    "package_amount": "109 g",
    "subcategory_name": "Jogurty - Dětské dezerty",
    "subcategory_url": "https://www.rohlik.cz/c300123542-detske-dezerty-tycinky-a-rezy"
  },
  {
    "name": "Pribináček velký vanilkový",
    "price": "29,90 Kč",
    "unit_price": "239.2 Kč/kg",
    "package_amount": "125 g",
    "subcategory_name": "Jogurty - Dětské dezerty",
    "subcategory_url": "https://www.rohlik.cz/c300123542-detske-dezerty-tycinky-a-rezy"
  },
  {
    "name": "Miil Smetanový jogurt bílý, kapsička",
    "price": "16,90 Kč",
    "unit_price": "140.83 Kč/kg",
    "package_amount": "120 g",
    "subcategory_name": "Jogurty - Dětské dezerty",
    "subcategory_url": "https://www.rohlik.cz/c300123542-detske-dezerty-tycinky-a-rezy"
  },
  {
    "name": "Pribináček Kapsík vanilka",
    "price": "24,90 Kč",
    "unit_price": "355.71 Kč/kg",
    "package_amount": "70 g",
    "subcategory_name": "Jogurty - Dětské dezerty",
    "subcategory_url": "https://www.rohlik.cz/c300123542-detske-dezerty-tycinky-a-rezy"
  },
  {
    "name": "Milko Tvaroháček kakaový",
    "price": "16,90 Kč",
    "unit_price": "187.78 Kč/kg",
    "package_amount": "90 g",
    "subcategory_name": "Jogurty - Dětské dezerty",
    "subcategory_url": "https://www.rohlik.cz/c300123542-detske-dezerty-tycinky-a-rezy"
  },
  {
    "name": "Matylda BIO Tvarohový dezert čokoláda",
    "price": "19,90 Kč",
    "unit_price": "159.2 Kč/kg",
    "package_amount": "125 g",
    "subcategory_name": "Jogurty - Dětské dezerty",
    "subcategory_url": "https://www.rohlik.cz/c300123542-detske-dezerty-tycinky-a-rezy"
  },
  {
    "name": "Madeta Lipánek Maxi DUO kakaovo-vanilkový",
    "price": "19,90 Kč",
    "unit_price": "153.08 Kč/kg",
    "package_amount": "130 g",
    "subcategory_name": "Jogurty - Dětské dezerty",
    "subcategory_url": "https://www.rohlik.cz/c300123542-detske-dezerty-tycinky-a-rezy"
  },
  {
    "name": "Matylda BIO Tvarohový dezert vanilka",
    "price": "19,90 Kč",
    "unit_price": "159.2 Kč/kg",
    "package_amount": "125 g",
    "subcategory_name": "Jogurty - Dětské dezerty",
    "subcategory_url": "https://www.rohlik.cz/c300123542-detske-dezerty-tycinky-a-rezy"
  },
  {
    "name": "Miil Sloník tvarohový dezert vanilkový",
    "price": "16,90 Kč",
    "unit_price": "130 Kč/kg",
    "package_amount": "130 g",
    "subcategory_name": "Jogurty - Tvarohov dezerty",
    "subcategory_url": "https://www.rohlik.cz/c300123535-tvarohove-dezerty-a-termixy"
  },
  {
    "name": "Miil Sloník DUO tvarohový dezert vanilka kakao",
    "price": "16,90 Kč",
    "unit_price": "130 Kč/kg",
    "package_amount": "130 g",
    "subcategory_name": "Jogurty - Tvarohov dezerty",
    "subcategory_url": "https://www.rohlik.cz/c300123535-tvarohove-dezerty-a-termixy"
  },
  {
    "name": "Miil Sloník tvarohový dezert kakaový",
    "price": "16,90 Kč",
    "unit_price": "130 Kč/kg",
    "package_amount": "130 g",
    "subcategory_name": "Jogurty - Tvarohov dezerty",
    "subcategory_url": "https://www.rohlik.cz/c300123535-tvarohove-dezerty-a-termixy"
  },
  {
    "name": "Mlékárna Kunín Termix maxi s příchutí kakao",
    "price": "14,90 Kč",
    "unit_price": "114.62 Kč/kg",
    "package_amount": "130 g",
    "subcategory_name": "Jogurty - Tvarohov dezerty",
    "subcategory_url": "https://www.rohlik.cz/c300123535-tvarohove-dezerty-a-termixy"
  },
  {
    "name": "Pribináček Kapsík vanilka",
    "price": "24,90 Kč",
    "unit_price": "355.71 Kč/kg",
    "package_amount": "70 g",
    "subcategory_name": "Jogurty - Tvarohov dezerty",
    "subcategory_url": "https://www.rohlik.cz/c300123535-tvarohove-dezerty-a-termixy"
  },
  {
    "name": "Milko Tvaroháček kakaový",
    "price": "16,90 Kč",
    "unit_price": "187.78 Kč/kg",
    "package_amount": "90 g",
    "subcategory_name": "Jogurty - Tvarohov dezerty",
    "subcategory_url": "https://www.rohlik.cz/c300123535-tvarohove-dezerty-a-termixy"
  },
  {
    "name": "Mlékárna Kunín Termix s příchutí kakao",
    "price": "15,90 Kč",
    "unit_price": "176.67 Kč/kg",
    "package_amount": "90 g",
    "subcategory_name": "Jogurty - Tvarohov dezerty",
    "subcategory_url": "https://www.rohlik.cz/c300123535-tvarohove-dezerty-a-termixy"
  },
  {
    "name": "Pribináček Kapsík kakao",
    "price": "24,90 Kč",
    "unit_price": "355.71 Kč/kg",
    "package_amount": "70 g",
    "subcategory_name": "Jogurty - Tvarohov dezerty",
    "subcategory_url": "https://www.rohlik.cz/c300123535-tvarohove-dezerty-a-termixy"
  },
  {
    "name": "Mlékárna Kunín Termix maxi s příchutí vanilka",
    "price": "14,90 Kč",
    "unit_price": "114.62 Kč/kg",
    "package_amount": "130 g",
    "subcategory_name": "Jogurty - Tvarohov dezerty",
    "subcategory_url": "https://www.rohlik.cz/c300123535-tvarohove-dezerty-a-termixy"
  },
  {
    "name": "Milko Tvaroháček vanilkový",
    "price": "16,90 Kč",
    "unit_price": "187.78 Kč/kg",
    "package_amount": "90 g",
    "subcategory_name": "Jogurty - Tvarohov dezerty",
    "subcategory_url": "https://www.rohlik.cz/c300123535-tvarohove-dezerty-a-termixy"
  },
  {
    "name": "Pribináček Tyčinka s tvarrrohem",
    "price": "14,90 Kč",
    "unit_price": "392.11 Kč/kg",
    "package_amount": "38 g",
    "subcategory_name": "Jogurty - Tvarohov dezerty",
    "subcategory_url": "https://www.rohlik.cz/c300123535-tvarohove-dezerty-a-termixy"
  },
  {
    "name": "Pribináček Kapsík jahoda",
    "price": "24,90 Kč",
    "unit_price": "355.71 Kč/kg",
    "package_amount": "70 g",
    "subcategory_name": "Jogurty - Tvarohov dezerty",
    "subcategory_url": "https://www.rohlik.cz/c300123535-tvarohove-dezerty-a-termixy"
  },
  {
    "name": "Milko Tvaroháček smetanový",
    "price": "16,90 Kč",
    "unit_price": "187.78 Kč/kg",
    "package_amount": "90 g",
    "subcategory_name": "Jogurty - Tvarohov dezerty",
    "subcategory_url": "https://www.rohlik.cz/c300123535-tvarohove-dezerty-a-termixy"
  },
  {
    "name": "Milko Tvaroháček kakaový",
    "price": "23,90 Kč",
    "unit_price": "183.85 Kč/kg",
    "package_amount": "130 g",
    "subcategory_name": "Jogurty - Tvarohov dezerty",
    "subcategory_url": "https://www.rohlik.cz/c300123535-tvarohove-dezerty-a-termixy"
  },
  {
    "name": "Miil BIO Jogurt bílý 3,8 % tuku",
    "price": "11,90 Kč",
    "unit_price": "79.33 Kč/kg",
    "package_amount": "150 g",
    "subcategory_name": "Jogurty - Bílé",
    "subcategory_url": "https://www.rohlik.cz/c300105009-bile"
  },
  {
    "name": "Hollandia Selský jogurt bílý 3,5%",
    "price": "29,90 Kč",
    "unit_price": "59.8 Kč/kg",
    "package_amount": "500 g",
    "subcategory_name": "Jogurty - Bílé",
    "subcategory_url": "https://www.rohlik.cz/c300105009-bile"
  },
  {
    "name": "Miil Krémový jogurt bílý 3,7 % tuku",
    "price": "7,90 Kč",
    "unit_price": "52.67 Kč/kg",
    "package_amount": "150 g",
    "subcategory_name": "Jogurty - Bílé",
    "subcategory_url": "https://www.rohlik.cz/c300105009-bile"
  },
  {
    "name": "Miil Krémový jogurt bílý 3,7 % tuku",
    "price": "22,90 Kč",
    "unit_price": "57.25 Kč/kg",
    "package_amount": "400 g",
    "subcategory_name": "Jogurty - Bílé",
    "subcategory_url": "https://www.rohlik.cz/c300105009-bile"
  },
  {
    "name": "Hollandia Selský jogurt bílý 3,5%",
    "price": "18,90 Kč",
    "unit_price": "94.5 Kč/kg",
    "package_amount": "200 g",
    "subcategory_name": "Jogurty - Bílé",
    "subcategory_url": "https://www.rohlik.cz/c300105009-bile"
  },
  {
    "name": "Miil BIO Jogurt bílý 3,8 % tuku",
    "price": "22,90 Kč",
    "unit_price": "57.25 Kč/kg",
    "package_amount": "400 g",
    "subcategory_name": "Jogurty - Bílé",
    "subcategory_url": "https://www.rohlik.cz/c300105009-bile"
  },
  {
    "name": "Miil Smetanový jogurt bílý 10 % tuku",
    "price": "23,90 Kč",
    "unit_price": "59.75 Kč/kg",
    "package_amount": "400 g",
    "subcategory_name": "Jogurty - Bílé",
    "subcategory_url": "https://www.rohlik.cz/c300105009-bile"
  },
  {
    "name": "Choceňská mlékárna Choceňský smetanový jogurt bílý 10%",
    "price": "17,90 Kč",
    "unit_price": "119.33 Kč/kg",
    "package_amount": "150 g",
    "subcategory_name": "Jogurty - Bílé",
    "subcategory_url": "https://www.rohlik.cz/c300105009-bile"
  },
  {
    "name": "Olma Klasik jogurt bílý 2,7 %",
    "price": "13,90 Kč",
    "unit_price": "92.67 Kč/kg",
    "package_amount": "150 g",
    "subcategory_name": "Jogurty - Bílé",
    "subcategory_url": "https://www.rohlik.cz/c300105009-bile"
  },
  {
    "name": "Miil Smetanový jogurt bílý 10 % tuku",
    "price": "9,90 Kč",
    "unit_price": "66 Kč/kg",
    "package_amount": "150 g",
    "subcategory_name": "Jogurty - Bílé",
    "subcategory_url": "https://www.rohlik.cz/c300105009-bile"
  },
  {
    "name": "Miil Jogurt bílý bez laktózy 3,5%",
    "price": "15,90 Kč",
    "unit_price": "88.33 Kč/kg",
    "package_amount": "180 g",
    "subcategory_name": "Jogurty - Bílé",
    "subcategory_url": "https://www.rohlik.cz/c300105009-bile"
  },
  {
    "name": "Activia Probiotický jogurt bílý 4×120 g",
    "price": "69,90 Kč",
    "unit_price": "145.63 Kč/kg",
    "package_amount": "480 g",
    "subcategory_name": "Jogurty - Bílé",
    "subcategory_url": "https://www.rohlik.cz/c300105009-bile"
  },
  {
    "name": "Galaos Originál řecký jogurt",
    "price": "79,90 Kč",
    "unit_price": "159.8 Kč/kg",
    "package_amount": "500 g",
    "subcategory_name": "Jogurty - Bílé",
    "subcategory_url": "https://www.rohlik.cz/c300105009-bile"
  },
  {
    "name": "Galaos Řecký jogurt 0 % tuku",
    "price": "79,90 Kč",
    "unit_price": "159.8 Kč/kg",
    "package_amount": "500 g",
    "subcategory_name": "Jogurty - Bílé",
    "subcategory_url": "https://www.rohlik.cz/c300105009-bile"
  },
  {
    "name": "Miil BIO Jogurt jahodový",
    "price": "14,90 Kč",
    "unit_price": "99.33 Kč/kg",
    "package_amount": "150 g",
    "subcategory_name": "Jogurty - BIO a farmářské",
    "subcategory_url": "https://www.rohlik.cz/c300105070-bio-a-farmarske"
  },
  {
    "name": "Miil BIO Jogurt bílý 3,8 % tuku",
    "price": "22,90 Kč",
    "unit_price": "57.25 Kč/kg",
    "package_amount": "400 g",
    "subcategory_name": "Jogurty - BIO a farmářské",
    "subcategory_url": "https://www.rohlik.cz/c300105070-bio-a-farmarske"
  },
  {
    "name": "Miil BIO Jogurt bílý 3,8 % tuku",
    "price": "11,90 Kč",
    "unit_price": "79.33 Kč/kg",
    "package_amount": "150 g",
    "subcategory_name": "Jogurty - BIO a farmářské",
    "subcategory_url": "https://www.rohlik.cz/c300105070-bio-a-farmarske"
  },
  {
    "name": "Matylda BIO Tvarohový dezert čokoláda",
    "price": "19,90 Kč",
    "unit_price": "159.2 Kč/kg",
    "package_amount": "125 g",
    "subcategory_name": "Jogurty - BIO a farmářské",
    "subcategory_url": "https://www.rohlik.cz/c300105070-bio-a-farmarske"
  },
  {
    "name": "Matylda BIO Tvarohový dezert vanilka",
    "price": "19,90 Kč",
    "unit_price": "159.2 Kč/kg",
    "package_amount": "125 g",
    "subcategory_name": "Jogurty - BIO a farmářské",
    "subcategory_url": "https://www.rohlik.cz/c300105070-bio-a-farmarske"
  },
  {
    "name": "Hollandia BIO Selský jogurt bílý 3,5%",
    "price": "26,90 Kč",
    "unit_price": "67.25 Kč/kg",
    "package_amount": "400 g",
    "subcategory_name": "Jogurty - BIO a farmářské",
    "subcategory_url": "https://www.rohlik.cz/c300105070-bio-a-farmarske"
  },
  {
    "name": "Matylda BIO Tvarohový dezert jahoda",
    "price": "19,90 Kč",
    "unit_price": "159.2 Kč/kg",
    "package_amount": "125 g",
    "subcategory_name": "Jogurty - BIO a farmářské",
    "subcategory_url": "https://www.rohlik.cz/c300105070-bio-a-farmarske"
  },
  {
    "name": "Milko BIO Řecký jogurt bílý 0 %",
    "price": "21,90 Kč",
    "unit_price": "168.46 Kč/kg",
    "package_amount": "130 g",
    "subcategory_name": "Jogurty - BIO a farmářské",
    "subcategory_url": "https://www.rohlik.cz/c300105070-bio-a-farmarske"
  },
  {
    "name": "Pappudia Jogurt s mangem bez přidaného cukru",
    "price": "63,90 Kč",
    "unit_price": "319.5 Kč/kg",
    "package_amount": "200 g",
    "subcategory_name": "Jogurty - BIO a farmářské",
    "subcategory_url": "https://www.rohlik.cz/c300105070-bio-a-farmarske"
  },
  {
    "name": "Matylda BIO Tvarohový dezert bílý",
    "price": "19,90 Kč",
    "unit_price": "159.2 Kč/kg",
    "package_amount": "125 g",
    "subcategory_name": "Jogurty - BIO a farmářské",
    "subcategory_url": "https://www.rohlik.cz/c300105070-bio-a-farmarske"
  },
  {
    "name": "Hollandia BIO Selský jogurt bílý 3,5%",
    "price": "19,90 Kč",
    "unit_price": "110.56 Kč/kg",
    "package_amount": "180 g",
    "subcategory_name": "Jogurty - BIO a farmářské",
    "subcategory_url": "https://www.rohlik.cz/c300105070-bio-a-farmarske"
  },
  {
    "name": "Pappudia Jogurt s borůvkami a banány bez přidaného cukru",
    "price": "63,90 Kč",
    "unit_price": "319.5 Kč/kg",
    "package_amount": "200 g",
    "subcategory_name": "Jogurty - BIO a farmářské",
    "subcategory_url": "https://www.rohlik.cz/c300105070-bio-a-farmarske"
  },
  {
    "name": "Biofarma DoRa BIO Kozí jogurt bílý",
    "price": "28,10 Kč",
    "unit_price": "187.33 Kč/kg",
    "package_amount": "150 g",
    "subcategory_name": "Jogurty - BIO a farmářské",
    "subcategory_url": "https://www.rohlik.cz/c300105070-bio-a-farmarske"
  },
  {
    "name": "Olma BIO Jogurt bílý",
    "price": "17,90 Kč",
    "unit_price": "119.33 Kč/kg",
    "package_amount": "150 g",
    "subcategory_name": "Jogurty - BIO a farmářské",
    "subcategory_url": "https://www.rohlik.cz/c300105070-bio-a-farmarske"
  },
  {
    "name": "Zott Protein Puding čokoláda",
    "price": "27,90 Kč",
    "unit_price": "139.5 Kč/kg",
    "package_amount": "200 g",
    "subcategory_name": "Jogurty - Mléčné",
    "subcategory_url": "https://www.rohlik.cz/c300123555-mlecne-ryze-krupice-pudingy-a-dezerty"
  },
  {
    "name": "Zott Protein Puding vanilka",
    "price": "27,90 Kč",
    "unit_price": "139.5 Kč/kg",
    "package_amount": "200 g",
    "subcategory_name": "Jogurty - Mléčné",
    "subcategory_url": "https://www.rohlik.cz/c300123555-mlecne-ryze-krupice-pudingy-a-dezerty"
  },
  {
    "name": "Mlékárna Kunín Mléčná krupice neochucená",
    "price": "14,90 Kč",
    "unit_price": "99.33 Kč/kg",
    "package_amount": "150 g",
    "subcategory_name": "Jogurty - Mléčné",
    "subcategory_url": "https://www.rohlik.cz/c300123555-mlecne-ryze-krupice-pudingy-a-dezerty"
  },
  {
    "name": "Zott Protein puding karamel",
    "price": "27,90 Kč",
    "unit_price": "139.5 Kč/kg",
    "package_amount": "200 g",
    "subcategory_name": "Jogurty - Mléčné",
    "subcategory_url": "https://www.rohlik.cz/c300123555-mlecne-ryze-krupice-pudingy-a-dezerty"
  },
  {
    "name": "Mlékárna Kunín Oveska jahoda",
    "price": "24,90 Kč",
    "unit_price": "166 Kč/kg",
    "package_amount": "150 g",
    "subcategory_name": "Jogurty - Mléčné",
    "subcategory_url": "https://www.rohlik.cz/c300123555-mlecne-ryze-krupice-pudingy-a-dezerty"
  },
  {
    "name": "Mlékárna Kunín Oveska",
    "price": "24,90 Kč",
    "unit_price": "166 Kč/kg",
    "package_amount": "150 g",
    "subcategory_name": "Jogurty - Mléčné",
    "subcategory_url": "https://www.rohlik.cz/c300123555-mlecne-ryze-krupice-pudingy-a-dezerty"
  },
  {
    "name": "Zott Monte -30 % cukru 4×55 g",
    "price": "32,90 Kč",
    "unit_price": "149.55 Kč/kg",
    "package_amount": "220 g",
    "subcategory_name": "Jogurty - Mléčné",
    "subcategory_url": "https://www.rohlik.cz/c300123555-mlecne-ryze-krupice-pudingy-a-dezerty"
  },
  {
    "name": "Müller Riso Mléčná rýže čokoláda",
    "price": "24,90 Kč",
    "unit_price": "124.5 Kč/kg",
    "package_amount": "200 g",
    "subcategory_name": "Jogurty - Mléčné",
    "subcategory_url": "https://www.rohlik.cz/c300123555-mlecne-ryze-krupice-pudingy-a-dezerty"
  },
  {
    "name": "Mlékárna Kunín Mléčná krupice čokoláda",
    "price": "15,90 Kč",
    "unit_price": "106 Kč/kg",
    "package_amount": "150 g",
    "subcategory_name": "Jogurty - Mléčné",
    "subcategory_url": "https://www.rohlik.cz/c300123555-mlecne-ryze-krupice-pudingy-a-dezerty"
  },
  {
    "name": "Omira BODENSEE Kakaový puding se šlehačkou",
    "price": "10,90 Kč",
    "unit_price": "54.5 Kč/kg",
    "package_amount": "200 g",
    "subcategory_name": "Jogurty - Mléčné",
    "subcategory_url": "https://www.rohlik.cz/c300123555-mlecne-ryze-krupice-pudingy-a-dezerty"
  },
  {
    "name": "Müller Riso Mléčná rýže skořice",
    "price": "24,90 Kč",
    "unit_price": "124.5 Kč/kg",
    "package_amount": "200 g",
    "subcategory_name": "Jogurty - Mléčné",
    "subcategory_url": "https://www.rohlik.cz/c300123555-mlecne-ryze-krupice-pudingy-a-dezerty"
  },
  {
    "name": "Ehrmann Grand Dessert Classic vanilkový",
    "price": "21,90 Kč",
    "unit_price": "115.26 Kč/kg",
    "package_amount": "190 g",
    "subcategory_name": "Jogurty - Mléčné",
    "subcategory_url": "https://www.rohlik.cz/c300123555-mlecne-ryze-krupice-pudingy-a-dezerty"
  },
  {
    "name": "Ehrmann Grand Dessert Rum Grape Nut se šlehačkou",
    "price": "21,90 Kč",
    "unit_price": "115.26 Kč/kg",
    "package_amount": "190 g",
    "subcategory_name": "Jogurty - Mléčné",
    "subcategory_url": "https://www.rohlik.cz/c300123555-mlecne-ryze-krupice-pudingy-a-dezerty"
  },
  {
    "name": "Ehrmann Grand Dessert puding dezert se šlehačkou Double Choc",
    "price": "21,90 Kč",
    "unit_price": "115.26 Kč/kg",
    "package_amount": "190 g",
    "subcategory_name": "Jogurty - Mléčné",
    "subcategory_url": "https://www.rohlik.cz/c300123555-mlecne-ryze-krupice-pudingy-a-dezerty"
  },
  {
    "name": "Miil Smetanový jogurt bílý 10 % tuku",
    "price": "23,90 Kč",
    "unit_price": "59.75 Kč/kg",
    "package_amount": "400 g",
    "subcategory_name": "Jogurty - Rodinná balení",
    "subcategory_url": "https://www.rohlik.cz/c300123550-rodinna-baleni-a-jogurty-ve-skle"
  },
  {
    "name": "Hollandia Selský jogurt bílý 3,5%",
    "price": "29,90 Kč",
    "unit_price": "59.8 Kč/kg",
    "package_amount": "500 g",
    "subcategory_name": "Jogurty - Rodinná balení",
    "subcategory_url": "https://www.rohlik.cz/c300123550-rodinna-baleni-a-jogurty-ve-skle"
  },
  {
    "name": "Milko Řecký jogurt 0 % bílý kbelík",
    "price": "119,90 Kč",
    "unit_price": "119.9 Kč/kg",
    "package_amount": "1 kg",
    "subcategory_name": "Jogurty - Rodinná balení",
    "subcategory_url": "https://www.rohlik.cz/c300123550-rodinna-baleni-a-jogurty-ve-skle"
  },
  {
    "name": "Activia Probiotický jogurt bílý 4×120 g",
    "price": "69,90 Kč",
    "unit_price": "145.63 Kč/kg",
    "package_amount": "480 g",
    "subcategory_name": "Jogurty - Rodinná balení",
    "subcategory_url": "https://www.rohlik.cz/c300123550-rodinna-baleni-a-jogurty-ve-skle"
  },
  {
    "name": "Hollandia Selský jogurt bílý",
    "price": "76,90 Kč",
    "unit_price": "76.9 Kč/kg",
    "package_amount": "1 kg",
    "subcategory_name": "Jogurty - Rodinná balení",
    "subcategory_url": "https://www.rohlik.cz/c300123550-rodinna-baleni-a-jogurty-ve-skle"
  },
  {
    "name": "Zorba Smetanový jogurt natur 10%",
    "price": "94,90 Kč",
    "unit_price": "94.9 Kč/kg",
    "package_amount": "1 kg",
    "subcategory_name": "Jogurty - Rodinná balení",
    "subcategory_url": "https://www.rohlik.cz/c300123550-rodinna-baleni-a-jogurty-ve-skle"
  },
  {
    "name": "Agrola Jogurt jahoda",
    "price": "27,90 Kč",
    "unit_price": "139.5 Kč/kg",
    "package_amount": "200 g",
    "subcategory_name": "Jogurty - Rodinná balení",
    "subcategory_url": "https://www.rohlik.cz/c300123550-rodinna-baleni-a-jogurty-ve-skle"
  },
  {
    "name": "Milko Řecký jogurt bílý 5 %",
    "price": "119,90 Kč",
    "unit_price": "119.9 Kč/kg",
    "package_amount": "1 kg",
    "subcategory_name": "Jogurty - Rodinná balení",
    "subcategory_url": "https://www.rohlik.cz/c300123550-rodinna-baleni-a-jogurty-ve-skle"
  },
  {
    "name": "Pappudia Jogurt s mangem bez přidaného cukru",
    "price": "63,90 Kč",
    "unit_price": "319.5 Kč/kg",
    "package_amount": "200 g",
    "subcategory_name": "Jogurty - Rodinná balení",
    "subcategory_url": "https://www.rohlik.cz/c300123550-rodinna-baleni-a-jogurty-ve-skle"
  },
  {
    "name": "Mlékárna Kunín Athentikos jogurt bílý",
    "price": "40,90 Kč",
    "unit_price": "102.25 Kč/kg",
    "package_amount": "400 g",
    "subcategory_name": "Jogurty - Rodinná balení",
    "subcategory_url": "https://www.rohlik.cz/c300123550-rodinna-baleni-a-jogurty-ve-skle"
  },
  {
    "name": "Agrola Jogurt meruňka",
    "price": "27,90 Kč",
    "unit_price": "139.5 Kč/kg",
    "package_amount": "200 g",
    "subcategory_name": "Jogurty - Rodinná balení",
    "subcategory_url": "https://www.rohlik.cz/c300123550-rodinna-baleni-a-jogurty-ve-skle"
  },
  {
    "name": "Agrola Jogurt borůvka",
    "price": "27,90 Kč",
    "unit_price": "139.5 Kč/kg",
    "package_amount": "200 g",
    "subcategory_name": "Jogurty - Rodinná balení",
    "subcategory_url": "https://www.rohlik.cz/c300123550-rodinna-baleni-a-jogurty-ve-skle"
  },
  {
    "name": "Agrola Jogurt bílý",
    "price": "26,90 Kč",
    "unit_price": "134.5 Kč/kg",
    "package_amount": "200 g",
    "subcategory_name": "Jogurty - Rodinná balení",
    "subcategory_url": "https://www.rohlik.cz/c300123550-rodinna-baleni-a-jogurty-ve-skle"
  },
  {
    "name": "Pappudia Jogurt s borůvkami a banány bez přidaného cukru",
    "price": "63,90 Kč",
    "unit_price": "319.5 Kč/kg",
    "package_amount": "200 g",
    "subcategory_name": "Jogurty - Rodinná balení",
    "subcategory_url": "https://www.rohlik.cz/c300123550-rodinna-baleni-a-jogurty-ve-skle"
  },
  {
    "name": "Miil Skyr natur",
    "price": "16,90 Kč",
    "unit_price": "112.67 Kč/kg",
    "package_amount": "150 g",
    "subcategory_name": "Jogurty - Řecké",
    "subcategory_url": "https://www.rohlik.cz/c300123532-recke-reckeho-typu-a-skyry"
  },
  {
    "name": "Milko Řecký jogurt 0 % bílý",
    "price": "21,90 Kč",
    "unit_price": "156.43 Kč/kg",
    "package_amount": "140 g",
    "subcategory_name": "Jogurty - Řecké",
    "subcategory_url": "https://www.rohlik.cz/c300123532-recke-reckeho-typu-a-skyry"
  },
  {
    "name": "Milko Řecký jogurt 0 % bílý kbelík",
    "price": "119,90 Kč",
    "unit_price": "119.9 Kč/kg",
    "package_amount": "1 kg",
    "subcategory_name": "Jogurty - Řecké",
    "subcategory_url": "https://www.rohlik.cz/c300123532-recke-reckeho-typu-a-skyry"
  },
  {
    "name": "Milko Řecký jogurt 5 % bílý",
    "price": "21,90 Kč",
    "unit_price": "156.43 Kč/kg",
    "package_amount": "140 g",
    "subcategory_name": "Jogurty - Řecké",
    "subcategory_url": "https://www.rohlik.cz/c300123532-recke-reckeho-typu-a-skyry"
  },
  {
    "name": "Elinas Jogurt řeckého typu natur",
    "price": "23,90 Kč",
    "unit_price": "159.33 Kč/kg",
    "package_amount": "150 g",
    "subcategory_name": "Jogurty - Řecké",
    "subcategory_url": "https://www.rohlik.cz/c300123532-recke-reckeho-typu-a-skyry"
  },
  {
    "name": "Galaos Originál řecký jogurt",
    "price": "79,90 Kč",
    "unit_price": "159.8 Kč/kg",
    "package_amount": "500 g",
    "subcategory_name": "Jogurty - Řecké",
    "subcategory_url": "https://www.rohlik.cz/c300123532-recke-reckeho-typu-a-skyry"
  },
  {
    "name": "Bohušovická mlékárna Skyr 0,1 % natur",
    "price": "38,90 Kč",
    "unit_price": "111.14 Kč/kg",
    "package_amount": "350 g",
    "subcategory_name": "Jogurty - Řecké",
    "subcategory_url": "https://www.rohlik.cz/c300123532-recke-reckeho-typu-a-skyry"
  },
  {
    "name": "Milko Můj Skyr 0 % vanilka",
    "price": "21,90 Kč",
    "unit_price": "168.46 Kč/kg",
    "package_amount": "130 g",
    "subcategory_name": "Jogurty - Řecké",
    "subcategory_url": "https://www.rohlik.cz/c300123532-recke-reckeho-typu-a-skyry"
  },
  {
    "name": "Galaos Řecký jogurt 0 % tuku",
    "price": "79,90 Kč",
    "unit_price": "159.8 Kč/kg",
    "package_amount": "500 g",
    "subcategory_name": "Jogurty - Řecké",
    "subcategory_url": "https://www.rohlik.cz/c300123532-recke-reckeho-typu-a-skyry"
  },
  {
    "name": "Milko Můj Skyr 0 % mango",
    "price": "21,90 Kč",
    "unit_price": "168.46 Kč/kg",
    "package_amount": "130 g",
    "subcategory_name": "Jogurty - Řecké",
    "subcategory_url": "https://www.rohlik.cz/c300123532-recke-reckeho-typu-a-skyry"
  },
  {
    "name": "Milko Můj Skyr 0 % kokos",
    "price": "21,90 Kč",
    "unit_price": "168.46 Kč/kg",
    "package_amount": "130 g",
    "subcategory_name": "Jogurty - Řecké",
    "subcategory_url": "https://www.rohlik.cz/c300123532-recke-reckeho-typu-a-skyry"
  },
  {
    "name": "Milko Řecký jogurt 0 % čokoláda",
    "price": "21,90 Kč",
    "unit_price": "156.43 Kč/kg",
    "package_amount": "140 g",
    "subcategory_name": "Jogurty - Řecké",
    "subcategory_url": "https://www.rohlik.cz/c300123532-recke-reckeho-typu-a-skyry"
  },
  {
    "name": "Milko Řecký jogurt bílý 5 %",
    "price": "119,90 Kč",
    "unit_price": "119.9 Kč/kg",
    "package_amount": "1 kg",
    "subcategory_name": "Jogurty - Řecké",
    "subcategory_url": "https://www.rohlik.cz/c300123532-recke-reckeho-typu-a-skyry"
  },
  {
    "name": "Milko BIO Řecký jogurt bílý 0 %",
    "price": "21,90 Kč",
    "unit_price": "168.46 Kč/kg",
    "package_amount": "130 g",
    "subcategory_name": "Jogurty - Řecké",
    "subcategory_url": "https://www.rohlik.cz/c300123532-recke-reckeho-typu-a-skyry"
  },
  {
    "name": "Kitchin BIO Ghee přepuštěné máslo",
    "price": "239,90 Kč",
    "unit_price": "599.75 Kč/l",
    "package_amount": "400 ml",
    "subcategory_name": "Máslo - Máslo",
    "subcategory_url": "https://www.rohlik.cz/c300105049-maslo"
  },
  {
    "name": "Miil Máslo 82%",
    "price": "59,90 Kč",
    "unit_price": "239.6 Kč/kg",
    "package_amount": "250 g",
    "subcategory_name": "Máslo - Máslo",
    "subcategory_url": "https://www.rohlik.cz/c300105049-maslo"
  },
  {
    "name": "Madeta Jihočeské máslo 82 %",
    "price": "69,90 Kč",
    "unit_price": "279.6 Kč/kg",
    "package_amount": "250 g",
    "subcategory_name": "Máslo - Máslo",
    "subcategory_url": "https://www.rohlik.cz/c300105049-maslo"
  },
  {
    "name": "Milko Máslo",
    "price": "72,90 Kč",
    "unit_price": "291.6 Kč/kg",
    "package_amount": "250 g",
    "subcategory_name": "Máslo - Máslo",
    "subcategory_url": "https://www.rohlik.cz/c300105049-maslo"
  },
  {
    "name": "Milko BIO Máslo",
    "price": "54,90 Kč",
    "unit_price": "366 Kč/kg",
    "package_amount": "150 g",
    "subcategory_name": "Máslo - Máslo",
    "subcategory_url": "https://www.rohlik.cz/c300105049-maslo"
  },
  {
    "name": "Farma Struhy BIO Farmářské čerstvé máslo",
    "price": "97,20 Kč",
    "unit_price": "486 Kč/kg",
    "package_amount": "200 g",
    "subcategory_name": "Máslo - Máslo",
    "subcategory_url": "https://www.rohlik.cz/c300105049-maslo"
  },
  {
    "name": "Dr. Halíř Máslo",
    "price": "39,90 Kč",
    "unit_price": "319.2 Kč/kg",
    "package_amount": "125 g",
    "subcategory_name": "Máslo - Máslo",
    "subcategory_url": "https://www.rohlik.cz/c300105049-maslo"
  },
  {
    "name": "Gran Moravia Čerstvé máslo, ručně krájené",
    "price": "70,10 Kč",
    "unit_price": "350.5 Kč/kg",
    "package_amount": "cca 200 g",
    "subcategory_name": "Máslo - Máslo",
    "subcategory_url": "https://www.rohlik.cz/c300105049-maslo"
  },
  {
    "name": "Delacto Máslo se sníženým obsahem laktózy",
    "price": "46,90 Kč",
    "unit_price": "375.2 Kč/kg",
    "package_amount": "125 g",
    "subcategory_name": "Máslo - Máslo",
    "subcategory_url": "https://www.rohlik.cz/c300105049-maslo"
  },
  {
    "name": "Parmareggio Burro Máslo 83%",
    "price": "94,90 Kč",
    "unit_price": "474.5 Kč/kg",
    "package_amount": "200 g",
    "subcategory_name": "Máslo - Máslo",
    "subcategory_url": "https://www.rohlik.cz/c300105049-maslo"
  },
  {
    "name": "Président La Motte máslo s mořskou solí",
    "price": "99,90 Kč",
    "unit_price": "399.6 Kč/kg",
    "package_amount": "250 g",
    "subcategory_name": "Máslo - Máslo",
    "subcategory_url": "https://www.rohlik.cz/c300105049-maslo"
  },
  {
    "name": "Dublin Dairy Irské máslo",
    "price": "99,90 Kč",
    "unit_price": "499.5 Kč/kg",
    "package_amount": "200 g",
    "subcategory_name": "Máslo - Máslo",
    "subcategory_url": "https://www.rohlik.cz/c300105049-maslo"
  },
  {
    "name": "Lacrum Roztíratelné máslo",
    "price": "69,90 Kč",
    "unit_price": "388.33 Kč/kg",
    "package_amount": "180 g",
    "subcategory_name": "Máslo - Máslo",
    "subcategory_url": "https://www.rohlik.cz/c300105049-maslo"
  },
  {
    "name": "Meggle Bylinkové máslo",
    "price": "71,90 Kč",
    "unit_price": "575.2 Kč/kg",
    "package_amount": "125 g",
    "subcategory_name": "Máslo - Máslo",
    "subcategory_url": "https://www.rohlik.cz/c300105049-maslo"
  },
  {
    "name": "Kitchin BIO Ghee přepuštěné máslo",
    "price": "239,90 Kč",
    "unit_price": "599.75 Kč/l",
    "package_amount": "400 ml",
    "subcategory_name": "Máslo - Ghee",
    "subcategory_url": "https://www.rohlik.cz/c300105049-maslo"
  },
  {
    "name": "Miil Máslo 82%",
    "price": "59,90 Kč",
    "unit_price": "239.6 Kč/kg",
    "package_amount": "250 g",
    "subcategory_name": "Máslo - Ghee",
    "subcategory_url": "https://www.rohlik.cz/c300105049-maslo"
  },
  {
    "name": "Madeta Jihočeské máslo 82 %",
    "price": "69,90 Kč",
    "unit_price": "279.6 Kč/kg",
    "package_amount": "250 g",
    "subcategory_name": "Máslo - Ghee",
    "subcategory_url": "https://www.rohlik.cz/c300105049-maslo"
  },
  {
    "name": "Milko Máslo",
    "price": "72,90 Kč",
    "unit_price": "291.6 Kč/kg",
    "package_amount": "250 g",
    "subcategory_name": "Máslo - Ghee",
    "subcategory_url": "https://www.rohlik.cz/c300105049-maslo"
  },
  {
    "name": "Milko BIO Máslo",
    "price": "54,90 Kč",
    "unit_price": "366 Kč/kg",
    "package_amount": "150 g",
    "subcategory_name": "Máslo - Ghee",
    "subcategory_url": "https://www.rohlik.cz/c300105049-maslo"
  },
  {
    "name": "Farma Struhy BIO Farmářské čerstvé máslo",
    "price": "97,20 Kč",
    "unit_price": "486 Kč/kg",
    "package_amount": "200 g",
    "subcategory_name": "Máslo - Ghee",
    "subcategory_url": "https://www.rohlik.cz/c300105049-maslo"
  },
  {
    "name": "Dr. Halíř Máslo",
    "price": "39,90 Kč",
    "unit_price": "319.2 Kč/kg",
    "package_amount": "125 g",
    "subcategory_name": "Máslo - Ghee",
    "subcategory_url": "https://www.rohlik.cz/c300105049-maslo"
  },
  {
    "name": "Gran Moravia Čerstvé máslo, ručně krájené",
    "price": "70,10 Kč",
    "unit_price": "350.5 Kč/kg",
    "package_amount": "cca 200 g",
    "subcategory_name": "Máslo - Ghee",
    "subcategory_url": "https://www.rohlik.cz/c300105049-maslo"
  },
  {
    "name": "Delacto Máslo se sníženým obsahem laktózy",
    "price": "46,90 Kč",
    "unit_price": "375.2 Kč/kg",
    "package_amount": "125 g",
    "subcategory_name": "Máslo - Ghee",
    "subcategory_url": "https://www.rohlik.cz/c300105049-maslo"
  },
  {
    "name": "Parmareggio Burro Máslo 83%",
    "price": "94,90 Kč",
    "unit_price": "474.5 Kč/kg",
    "package_amount": "200 g",
    "subcategory_name": "Máslo - Ghee",
    "subcategory_url": "https://www.rohlik.cz/c300105049-maslo"
  },
  {
    "name": "Président La Motte máslo s mořskou solí",
    "price": "99,90 Kč",
    "unit_price": "399.6 Kč/kg",
    "package_amount": "250 g",
    "subcategory_name": "Máslo - Ghee",
    "subcategory_url": "https://www.rohlik.cz/c300105049-maslo"
  },
  {
    "name": "Dublin Dairy Irské máslo",
    "price": "99,90 Kč",
    "unit_price": "499.5 Kč/kg",
    "package_amount": "200 g",
    "subcategory_name": "Máslo - Ghee",
    "subcategory_url": "https://www.rohlik.cz/c300105049-maslo"
  },
  {
    "name": "Lacrum Roztíratelné máslo",
    "price": "69,90 Kč",
    "unit_price": "388.33 Kč/kg",
    "package_amount": "180 g",
    "subcategory_name": "Máslo - Ghee",
    "subcategory_url": "https://www.rohlik.cz/c300105049-maslo"
  },
  {
    "name": "Meggle Bylinkové máslo",
    "price": "71,90 Kč",
    "unit_price": "575.2 Kč/kg",
    "package_amount": "125 g",
    "subcategory_name": "Máslo - Ghee",
    "subcategory_url": "https://www.rohlik.cz/c300105049-maslo"
  },
  {
    "name": "Miil Tradiční pomazánkové",
    "price": "30,90 Kč",
    "unit_price": "154.5 Kč/kg",
    "package_amount": "200 g",
    "subcategory_name": "Máslo - Pomazánkové",
    "subcategory_url": "https://www.rohlik.cz/c300105050-pomazankove"
  },
  {
    "name": "Choceňská mlékárna Choceňské tradiční pomazánkové",
    "price": "37,32 Kč",
    "unit_price": "248.8 Kč/kg",
    "package_amount": "150 g",
    "subcategory_name": "Máslo - Pomazánkové",
    "subcategory_url": "https://www.rohlik.cz/c300105050-pomazankove"
  },
  {
    "name": "Choceňská mlékárna Choceňské tradiční pomazánkové s křenem",
    "price": "43,90 Kč",
    "unit_price": "292.67 Kč/kg",
    "package_amount": "150 g",
    "subcategory_name": "Máslo - Pomazánkové",
    "subcategory_url": "https://www.rohlik.cz/c300105050-pomazankove"
  },
  {
    "name": "Madeta Jihočeské pomazánkové tradiční bezlaktózové",
    "price": "38,90 Kč",
    "unit_price": "259.33 Kč/kg",
    "package_amount": "150 g",
    "subcategory_name": "Máslo - Pomazánkové",
    "subcategory_url": "https://www.rohlik.cz/c300105050-pomazankove"
  },
  {
    "name": "Choceňská mlékárna Choceňské tradiční pomazánkové s pažitkou",
    "price": "43,90 Kč",
    "unit_price": "292.67 Kč/kg",
    "package_amount": "150 g",
    "subcategory_name": "Máslo - Pomazánkové",
    "subcategory_url": "https://www.rohlik.cz/c300105050-pomazankove"
  },
  {
    "name": "Choceňská mlékarna Choceňské tradiční pomazánkové s nivou",
    "price": "43,90 Kč",
    "unit_price": "292.67 Kč/kg",
    "package_amount": "150 g",
    "subcategory_name": "Máslo - Pomazánkové",
    "subcategory_url": "https://www.rohlik.cz/c300105050-pomazankove"
  },
  {
    "name": "Madeta Jihočeské pomazánkové máslo tradiční bez příchuti",
    "price": "38,90 Kč",
    "unit_price": "259.33 Kč/kg",
    "package_amount": "150 g",
    "subcategory_name": "Máslo - Pomazánkové",
    "subcategory_url": "https://www.rohlik.cz/c300105050-pomazankove"
  },
  {
    "name": "Choceňská mlékárna Choceňské tradiční pomazánkové jalapeno",
    "price": "43,90 Kč",
    "unit_price": "292.67 Kč/kg",
    "package_amount": "150 g",
    "subcategory_name": "Máslo - Pomazánkové",
    "subcategory_url": "https://www.rohlik.cz/c300105050-pomazankove"
  },
  {
    "name": "Olma Tradiční pomazánkové natur",
    "price": "36,90 Kč",
    "unit_price": "246 Kč/kg",
    "package_amount": "150 g",
    "subcategory_name": "Máslo - Pomazánkové",
    "subcategory_url": "https://www.rohlik.cz/c300105050-pomazankove"
  },
  {
    "name": "Jaroměřická mlékárna Tradiční pomazánkové pažitka",
    "price": "39,90 Kč",
    "unit_price": "266 Kč/kg",
    "package_amount": "150 g",
    "subcategory_name": "Máslo - Pomazánkové",
    "subcategory_url": "https://www.rohlik.cz/c300105050-pomazankove"
  },
  {
    "name": "Madeta Jihočeské pomazánkové máslo tradiční pažitka",
    "price": "38,90 Kč",
    "unit_price": "259.33 Kč/kg",
    "package_amount": "150 g",
    "subcategory_name": "Máslo - Pomazánkové",
    "subcategory_url": "https://www.rohlik.cz/c300105050-pomazankove"
  },
  {
    "name": "Madeta Jihočeské pomazánkové máslo tradiční šunka",
    "price": "38,90 Kč",
    "unit_price": "259.33 Kč/kg",
    "package_amount": "150 g",
    "subcategory_name": "Máslo - Pomazánkové",
    "subcategory_url": "https://www.rohlik.cz/c300105050-pomazankove"
  },
  {
    "name": "Jaroměřická mlékárna Tradiční pomazánkové česnek a cibule",
    "price": "39,90 Kč",
    "unit_price": "266 Kč/kg",
    "package_amount": "150 g",
    "subcategory_name": "Máslo - Pomazánkové",
    "subcategory_url": "https://www.rohlik.cz/c300105050-pomazankove"
  },
  {
    "name": "Jaroměřická mlékárna Tradiční pomazánkové lahůdkové",
    "price": "39,90 Kč",
    "unit_price": "266 Kč/kg",
    "package_amount": "150 g",
    "subcategory_name": "Máslo - Pomazánkové",
    "subcategory_url": "https://www.rohlik.cz/c300105050-pomazankove"
  },
  {
    "name": "Kitchin Ghee přepuštěné máslo",
    "price": "209,90 Kč",
    "unit_price": "524.75 Kč/l",
    "package_amount": "400 ml",
    "subcategory_name": "Máslo - Kitchin",
    "subcategory_url": "https://www.rohlik.cz/c300122004-kitchin"
  },
  {
    "name": "Kitchin BIO Ghee přepuštěné máslo",
    "price": "239,90 Kč",
    "unit_price": "599.75 Kč/l",
    "package_amount": "400 ml",
    "subcategory_name": "Máslo - Kitchin",
    "subcategory_url": "https://www.rohlik.cz/c300122004-kitchin"
  },
  {
    "name": "Kitchin Ghee přepuštěné máslo",
    "price": "209,90 Kč",
    "unit_price": "524.75 Kč/l",
    "package_amount": "400 ml",
    "subcategory_name": "Máslo - Margaríny",
    "subcategory_url": "https://www.rohlik.cz/c300122004-kitchin"
  },
  {
    "name": "Kitchin BIO Ghee přepuštěné máslo",
    "price": "239,90 Kč",
    "unit_price": "599.75 Kč/l",
    "package_amount": "400 ml",
    "subcategory_name": "Máslo - Margaríny",
    "subcategory_url": "https://www.rohlik.cz/c300122004-kitchin"
  },
  {
    "name": "Mlékárna Řetová Sloupnické selské A2 mléko",
    "price": "53,40 Kč",
    "unit_price": "53.4 Kč/l",
    "package_amount": "1 l",
    "subcategory_name": "Speciální - A2 Mléko",
    "subcategory_url": "https://www.rohlik.cz/c300122516-vyrobky-z-a2-mleka"
  },
  {
    "name": "Mlékárna Řetová Sloupnický A2 jogurt bílý",
    "price": "33,90 Kč",
    "unit_price": "251.11 Kč/kg",
    "package_amount": "135 g",
    "subcategory_name": "Speciální - A2 Mléko",
    "subcategory_url": "https://www.rohlik.cz/c300122516-vyrobky-z-a2-mleka"
  },
  {
    "name": "Mlékárna Řetová Sloupnické jogurtové A2 mléko",
    "price": "43,70 Kč",
    "unit_price": "87.4 Kč/l",
    "package_amount": "500 ml",
    "subcategory_name": "Speciální - A2 Mléko",
    "subcategory_url": "https://www.rohlik.cz/c300122516-vyrobky-z-a2-mleka"
  },
  {
    "name": "Mlékárna Řetová Sloupnický A2 Dezert čokoládový",
    "price": "48,50 Kč",
    "unit_price": "285.29 Kč/kg",
    "package_amount": "170 g",
    "subcategory_name": "Speciální - A2 Mléko",
    "subcategory_url": "https://www.rohlik.cz/c300122516-vyrobky-z-a2-mleka"
  },
  {
    "name": "Mlékárna Řetová Sloupnický A2 jogurt čokoládový",
    "price": "35,90 Kč",
    "unit_price": "265.93 Kč/kg",
    "package_amount": "135 g",
    "subcategory_name": "Speciální - A2 Mléko",
    "subcategory_url": "https://www.rohlik.cz/c300122516-vyrobky-z-a2-mleka"
  },
  {
    "name": "Mlékárna Řetová Sloupnický A2 jogurt jahodový",
    "price": "35,90 Kč",
    "unit_price": "265.93 Kč/kg",
    "package_amount": "135 g",
    "subcategory_name": "Speciální - A2 Mléko",
    "subcategory_url": "https://www.rohlik.cz/c300122516-vyrobky-z-a2-mleka"
  },
  {
    "name": "Mlékárna Řetová Sloupnické jogurtové A2 mléko jahodové",
    "price": "48,50 Kč",
    "unit_price": "97 Kč/l",
    "package_amount": "500 ml",
    "subcategory_name": "Speciální - A2 Mléko",
    "subcategory_url": "https://www.rohlik.cz/c300122516-vyrobky-z-a2-mleka"
  },
  {
    "name": "Mlékárna Řetová Sloupnický A2 Dezert malinový",
    "price": "48,50 Kč",
    "unit_price": "285.29 Kč/kg",
    "package_amount": "170 g",
    "subcategory_name": "Speciální - A2 Mléko",
    "subcategory_url": "https://www.rohlik.cz/c300122516-vyrobky-z-a2-mleka"
  },
  {
    "name": "Mlékárna Řetová Sloupnický A2 čerstvý sýr přírodní",
    "price": "69 Kč",
    "unit_price": "485.9 Kč/kg",
    "package_amount": "cca 140 g",
    "subcategory_name": "Speciální - A2 Mléko",
    "subcategory_url": "https://www.rohlik.cz/c300122516-vyrobky-z-a2-mleka"
  },
  {
    "name": "Mlékárna Řetová Sloupnický A2 Dezert vaječný likér",
    "price": "48,50 Kč",
    "unit_price": "285.29 Kč/kg",
    "package_amount": "170 g",
    "subcategory_name": "Speciální - A2 Mléko",
    "subcategory_url": "https://www.rohlik.cz/c300122516-vyrobky-z-a2-mleka"
  },
  {
    "name": "Miil Jogurt bílý bez laktózy 3,5%",
    "price": "15,90 Kč",
    "unit_price": "88.33 Kč/kg",
    "package_amount": "180 g",
    "subcategory_name": "Speciální - Bez Laktózy",
    "subcategory_url": "https://www.rohlik.cz/c300121233-jogurty-a-mlecne-dezerty-bez-laktozy"
  },
  {
    "name": "Hollandia Krémový jogurt bílý 0,01% laktózy",
    "price": "36,90 Kč",
    "unit_price": "92.25 Kč/kg",
    "package_amount": "400 g",
    "subcategory_name": "Speciální - Bez Laktózy",
    "subcategory_url": "https://www.rohlik.cz/c300121233-jogurty-a-mlecne-dezerty-bez-laktozy"
  },
  {
    "name": "Hollandia Krémový jogurt bílý 0,01% laktózy",
    "price": "18,90 Kč",
    "unit_price": "105 Kč/kg",
    "package_amount": "180 g",
    "subcategory_name": "Speciální - Bez Laktózy",
    "subcategory_url": "https://www.rohlik.cz/c300121233-jogurty-a-mlecne-dezerty-bez-laktozy"
  },
  {
    "name": "Madeta Lipánek smetanový s nízkým obsahem laktózy < 0,01%",
    "price": "20,90 Kč",
    "unit_price": "160.77 Kč/kg",
    "package_amount": "130 g",
    "subcategory_name": "Speciální - Bez Laktózy",
    "subcategory_url": "https://www.rohlik.cz/c300121233-jogurty-a-mlecne-dezerty-bez-laktozy"
  },
  {
    "name": "Hollandia Krémový jogurt jahoda bez laktózy",
    "price": "20,90 Kč",
    "unit_price": "116.11 Kč/kg",
    "package_amount": "180 g",
    "subcategory_name": "Speciální - Bez Laktózy",
    "subcategory_url": "https://www.rohlik.cz/c300121233-jogurty-a-mlecne-dezerty-bez-laktozy"
  },
  {
    "name": "Hollandia Krémový jogurt borůvka bez laktózy",
    "price": "20,90 Kč",
    "unit_price": "116.11 Kč/kg",
    "package_amount": "180 g",
    "subcategory_name": "Speciální - Bez Laktózy",
    "subcategory_url": "https://www.rohlik.cz/c300121233-jogurty-a-mlecne-dezerty-bez-laktozy"
  },
  {
    "name": "Activia Probiotický jogurt bílý bez laktózy",
    "price": "16,90 Kč",
    "unit_price": "102.42 Kč/kg",
    "package_amount": "165 g",
    "subcategory_name": "Speciální - Bez Laktózy",
    "subcategory_url": "https://www.rohlik.cz/c300121233-jogurty-a-mlecne-dezerty-bez-laktozy"
  },
  {
    "name": "Berchtesgadener Land BIO Bílý jogurt bez laktózy",
    "price": "21,90 Kč",
    "unit_price": "146 Kč/kg",
    "package_amount": "150 g",
    "subcategory_name": "Speciální - Bez Laktózy",
    "subcategory_url": "https://www.rohlik.cz/c300121233-jogurty-a-mlecne-dezerty-bez-laktozy"
  },
  {
    "name": "Tami Bezlaktózový smetanový jogurt čokoláda",
    "price": "19,90 Kč",
    "unit_price": "132.67 Kč/kg",
    "package_amount": "150 g",
    "subcategory_name": "Speciální - Bez Laktózy",
    "subcategory_url": "https://www.rohlik.cz/c300121233-jogurty-a-mlecne-dezerty-bez-laktozy"
  },
  {
    "name": "Ehrmann LactoZero bezlaktózový jogurt řeckého typu MIX",
    "price": "27,90 Kč",
    "unit_price": "206.67 Kč/kg",
    "package_amount": "135 g",
    "subcategory_name": "Speciální - Bez Laktózy",
    "subcategory_url": "https://www.rohlik.cz/c300121233-jogurty-a-mlecne-dezerty-bez-laktozy"
  },
  {
    "name": "Berchtesgadener Land BIO Malinový jogurt bez laktózy",
    "price": "27,90 Kč",
    "unit_price": "186 Kč/kg",
    "package_amount": "150 g",
    "subcategory_name": "Speciální - Bez Laktózy",
    "subcategory_url": "https://www.rohlik.cz/c300121233-jogurty-a-mlecne-dezerty-bez-laktozy"
  },
  {
    "name": "Neogal High protein řecký jogurt 0 % tuku bez laktózy",
    "price": "39,90 Kč",
    "unit_price": "266 Kč/kg",
    "package_amount": "150 g",
    "subcategory_name": "Speciální - Bez Laktózy",
    "subcategory_url": "https://www.rohlik.cz/c300121233-jogurty-a-mlecne-dezerty-bez-laktozy"
  },
  {
    "name": "Berchtesgadener Land BIO Vanilkový jogurt bez laktózy",
    "price": "27,90 Kč",
    "unit_price": "186 Kč/kg",
    "package_amount": "150 g",
    "subcategory_name": "Speciální - Bez Laktózy",
    "subcategory_url": "https://www.rohlik.cz/c300121233-jogurty-a-mlecne-dezerty-bez-laktozy"
  },
  {
    "name": "Madeta Zakysaná smetana s jahodami bez laktózy",
    "price": "19,30 Kč",
    "unit_price": "148.46 Kč/kg",
    "package_amount": "130 g",
    "subcategory_name": "Speciální - Bez Laktózy",
    "subcategory_url": "https://www.rohlik.cz/c300121233-jogurty-a-mlecne-dezerty-bez-laktozy"
  },
  {
    "name": "Madeta Jihočeský tvaroh polotučný bez laktózy",
    "price": "34,90 Kč",
    "unit_price": "139.6 Kč/kg",
    "package_amount": "250 g",
    "subcategory_name": "Speciální - Tvarohy bez alktózy",
    "subcategory_url": "https://www.rohlik.cz/c300121237-tvarohy-bez-laktozy"
  },
  {
    "name": "Berchtesgadener Land BIO Tvaroh bez laktózy",
    "price": "45,90 Kč",
    "unit_price": "183.6 Kč/kg",
    "package_amount": "250 g",
    "subcategory_name": "Speciální - Tvarohy bez alktózy",
    "subcategory_url": "https://www.rohlik.cz/c300121237-tvarohy-bez-laktozy"
  },
  {
    "name": "Tami Termizovaný odtučněný tvaroh bezlaktózový",
    "price": "29,90 Kč",
    "unit_price": "119.6 Kč/kg",
    "package_amount": "250 g",
    "subcategory_name": "Speciální - Tvarohy bez alktózy",
    "subcategory_url": "https://www.rohlik.cz/c300121237-tvarohy-bez-laktozy"
  },
  {
    "name": "Delacto Jemný tvaroh bez laktózy",
    "price": "65,90 Kč",
    "unit_price": "329.5 Kč/kg",
    "package_amount": "200 g",
    "subcategory_name": "Speciální - Tvarohy bez alktózy",
    "subcategory_url": "https://www.rohlik.cz/c300121237-tvarohy-bez-laktozy"
  },
  {
    "name": "Minus L Tvaroh měkký se sníženým obsahem laktózy",
    "price": "56,90 Kč",
    "unit_price": "227.6 Kč/kg",
    "package_amount": "250 g",
    "subcategory_name": "Speciální - Tvarohy bez alktózy",
    "subcategory_url": "https://www.rohlik.cz/c300121237-tvarohy-bez-laktozy"
  },
  {
    "name": "Zott Protein Puding čokoláda",
    "price": "27,90 Kč",
    "unit_price": "139.5 Kč/kg",
    "package_amount": "200 g",
    "subcategory_name": "Speciální - High protein",
    "subcategory_url": "https://www.rohlik.cz/c300123064-high-protein"
  },
  {
    "name": "Zott Protein Puding vanilka",
    "price": "27,90 Kč",
    "unit_price": "139.5 Kč/kg",
    "package_amount": "200 g",
    "subcategory_name": "Speciální - High protein",
    "subcategory_url": "https://www.rohlik.cz/c300123064-high-protein"
  },
  {
    "name": "Leerdammer Proteinový sýr plátky",
    "price": "36,90 Kč",
    "unit_price": "461.25 Kč/kg",
    "package_amount": "80 g",
    "subcategory_name": "Speciální - High protein",
    "subcategory_url": "https://www.rohlik.cz/c300123064-high-protein"
  },
  {
    "name": "Gervais Original FIT protein",
    "price": "53,90 Kč",
    "unit_price": "317.06 Kč/kg",
    "package_amount": "170 g",
    "subcategory_name": "Speciální - High protein",
    "subcategory_url": "https://www.rohlik.cz/c300123064-high-protein"
  },
  {
    "name": "Gervais Fit protein",
    "price": "29,90 Kč",
    "unit_price": "373.75 Kč/kg",
    "package_amount": "80 g",
    "subcategory_name": "Speciální - High protein",
    "subcategory_url": "https://www.rohlik.cz/c300123064-high-protein"
  },
  {
    "name": "Zottarella Proteinové tyčinky 4×21 g",
    "price": "37,90 Kč",
    "unit_price": "451.19 Kč/kg",
    "package_amount": "84 g",
    "subcategory_name": "Speciální - High protein",
    "subcategory_url": "https://www.rohlik.cz/c300123064-high-protein"
  },
  {
    "name": "Olma Protein jogurt bílý",
    "price": "19,90 Kč",
    "unit_price": "132.67 Kč/kg",
    "package_amount": "150 g",
    "subcategory_name": "Speciální - High protein",
    "subcategory_url": "https://www.rohlik.cz/c300123064-high-protein"
  },
  {
    "name": "Zott Protein puding karamel",
    "price": "27,90 Kč",
    "unit_price": "139.5 Kč/kg",
    "package_amount": "200 g",
    "subcategory_name": "Speciální - High protein",
    "subcategory_url": "https://www.rohlik.cz/c300123064-high-protein"
  },
  {
    "name": "Olma High protein mléko",
    "price": "42,90 Kč",
    "unit_price": "42.9 Kč/l",
    "package_amount": "1 l",
    "subcategory_name": "Speciální - High protein",
    "subcategory_url": "https://www.rohlik.cz/c300123064-high-protein"
  },
  {
    "name": "Zott Protein drink čokoláda",
    "price": "26,90 Kč",
    "unit_price": "107.6 Kč/l",
    "package_amount": "250 ml",
    "subcategory_name": "Speciální - High protein",
    "subcategory_url": "https://www.rohlik.cz/c300123064-high-protein"
  },
  {
    "name": "Olma Protein jogurt meruňka",
    "price": "20,90 Kč",
    "unit_price": "139.33 Kč/kg",
    "package_amount": "150 g",
    "subcategory_name": "Speciální - High protein",
    "subcategory_url": "https://www.rohlik.cz/c300123064-high-protein"
  },
  {
    "name": "Zott Protein drink vanilka",
    "price": "26,90 Kč",
    "unit_price": "107.6 Kč/l",
    "package_amount": "250 ml",
    "subcategory_name": "Speciální - High protein",
    "subcategory_url": "https://www.rohlik.cz/c300123064-high-protein"
  },
  {
    "name": "Milko Super jogurt bílý",
    "price": "13,90 Kč",
    "unit_price": "92.67 Kč/kg",
    "package_amount": "150 g",
    "subcategory_name": "Speciální - High protein",
    "subcategory_url": "https://www.rohlik.cz/c300123064-high-protein"
  },
  {
    "name": "Olma Protein jogurt malina",
    "price": "20,90 Kč",
    "unit_price": "139.33 Kč/kg",
    "package_amount": "150 g",
    "subcategory_name": "Speciální - High protein",
    "subcategory_url": "https://www.rohlik.cz/c300123064-high-protein"
  },
  {
    "name": "Delacto Máslo se sníženým obsahem laktózy",
    "price": "46,90 Kč",
    "unit_price": "375.2 Kč/kg",
    "package_amount": "125 g",
    "subcategory_name": "Speciální - Máslo bez laktózy",
    "subcategory_url": "https://www.rohlik.cz/c300121235-maslo-a-tuky-bez-laktozy"
  },
  {
    "name": "Madeta Jihočeské pomazánkové tradiční bezlaktózové",
    "price": "38,90 Kč",
    "unit_price": "259.33 Kč/kg",
    "package_amount": "150 g",
    "subcategory_name": "Speciální - Máslo bez laktózy",
    "subcategory_url": "https://www.rohlik.cz/c300121235-maslo-a-tuky-bez-laktozy"
  },
  {
    "name": "Granarolo Máslo se sníženým obsahem tuku bez laktózy",
    "price": "64,90 Kč",
    "unit_price": "649 Kč/kg",
    "package_amount": "100 g",
    "subcategory_name": "Speciální - Máslo bez laktózy",
    "subcategory_url": "https://www.rohlik.cz/c300121235-maslo-a-tuky-bez-laktozy"
  },
  {
    "name": "Miil Trvanlivé polotučné mléko 1,5%, bez laktózy",
    "price": "24,90 Kč",
    "unit_price": "24.9 Kč/l",
    "package_amount": "1 l",
    "subcategory_name": "Speciální - Mléčné nápoje bez laktózy",
    "subcategory_url": "https://www.rohlik.cz/c300121234-mleko-a-mlecne-napoje-bez-laktozy"
  },
  {
    "name": "Pragolaktos Trvanlivé plnotučné mléko bez laktózy 3,5%",
    "price": "29,90 Kč",
    "unit_price": "29.9 Kč/l",
    "package_amount": "1 l",
    "subcategory_name": "Speciální - Mléčné nápoje bez laktózy",
    "subcategory_url": "https://www.rohlik.cz/c300121234-mleko-a-mlecne-napoje-bez-laktozy"
  },
  {
    "name": "Meggle Trvanlivé bezlaktózové mléko polotučné 1,5%",
    "price": "43,90 Kč",
    "unit_price": "43.9 Kč/l",
    "package_amount": "1 l",
    "subcategory_name": "Speciální - Mléčné nápoje bez laktózy",
    "subcategory_url": "https://www.rohlik.cz/c300121234-mleko-a-mlecne-napoje-bez-laktozy"
  },
  {
    "name": "Berchtesgadener Land BIO Čerstvé alpské mléko bez laktózy plnotučné",
    "price": "67,90 Kč",
    "unit_price": "67.9 Kč/l",
    "package_amount": "1 l",
    "subcategory_name": "Speciální - Mléčné nápoje bez laktózy",
    "subcategory_url": "https://www.rohlik.cz/c300121234-mleko-a-mlecne-napoje-bez-laktozy"
  },
  {
    "name": "Mlékárna Kunín Lehké ráno mléko bez laktózy 1,5%",
    "price": "24,90 Kč",
    "unit_price": "49.8 Kč/l",
    "package_amount": "500 ml",
    "subcategory_name": "Speciální - Mléčné nápoje bez laktózy",
    "subcategory_url": "https://www.rohlik.cz/c300121234-mleko-a-mlecne-napoje-bez-laktozy"
  },
  {
    "name": "Meggle Trvanlivé bezlaktózové mléko plnotučné 3,5%",
    "price": "49,90 Kč",
    "unit_price": "49.9 Kč/l",
    "package_amount": "1 l",
    "subcategory_name": "Speciální - Mléčné nápoje bez laktózy",
    "subcategory_url": "https://www.rohlik.cz/c300121234-mleko-a-mlecne-napoje-bez-laktozy"
  },
  {
    "name": "Berchtesgadener Land BIO Čerstvé alpské mléko bez laktózy polotučné",
    "price": "59,90 Kč",
    "unit_price": "59.9 Kč/l",
    "package_amount": "1 l",
    "subcategory_name": "Speciální - Mléčné nápoje bez laktózy",
    "subcategory_url": "https://www.rohlik.cz/c300121234-mleko-a-mlecne-napoje-bez-laktozy"
  },
  {
    "name": "Mlékárna Kunín Lehké ráno mléko bez laktózy 1,5%",
    "price": "47,90 Kč",
    "unit_price": "47.9 Kč/l",
    "package_amount": "1 l",
    "subcategory_name": "Speciální - Mléčné nápoje bez laktózy",
    "subcategory_url": "https://www.rohlik.cz/c300121234-mleko-a-mlecne-napoje-bez-laktozy"
  },
  {
    "name": "Ehrmann High Protein caffè latte classic",
    "price": "54,90 Kč",
    "unit_price": "219.6 Kč/l",
    "package_amount": "250 ml",
    "subcategory_name": "Speciální - Mléčné nápoje bez laktózy",
    "subcategory_url": "https://www.rohlik.cz/c300121234-mleko-a-mlecne-napoje-bez-laktozy"
  },
  {
    "name": "Mlékárna Kunín UHT Lehké ráno mléko bez laktózy 1,5%",
    "price": "34,90 Kč",
    "unit_price": "34.9 Kč/l",
    "package_amount": "1 l",
    "subcategory_name": "Speciální - Mléčné nápoje bez laktózy",
    "subcategory_url": "https://www.rohlik.cz/c300121234-mleko-a-mlecne-napoje-bez-laktozy"
  },
  {
    "name": "Ehrmann High Protein caffè latte caramel style",
    "price": "54,90 Kč",
    "unit_price": "219.6 Kč/l",
    "package_amount": "250 ml",
    "subcategory_name": "Speciální - Mléčné nápoje bez laktózy",
    "subcategory_url": "https://www.rohlik.cz/c300121234-mleko-a-mlecne-napoje-bez-laktozy"
  },
  {
    "name": "Farma Babina Čerstvé mléko plnotučné bez laktózy",
    "price": "68 Kč",
    "unit_price": "68 Kč/l",
    "package_amount": "1 l",
    "subcategory_name": "Speciální - Mléčné nápoje bez laktózy",
    "subcategory_url": "https://www.rohlik.cz/c300121234-mleko-a-mlecne-napoje-bez-laktozy"
  },
  {
    "name": "Ehrmann High Protein nápoj Banán",
    "price": "54,90 Kč",
    "unit_price": "219.6 Kč/l",
    "package_amount": "250 ml",
    "subcategory_name": "Speciální - Mléčné nápoje bez laktózy",
    "subcategory_url": "https://www.rohlik.cz/c300121234-mleko-a-mlecne-napoje-bez-laktozy"
  },
  {
    "name": "Ehrmann High Protein nápoj Čokoláda",
    "price": "54,90 Kč",
    "unit_price": "219.6 Kč/l",
    "package_amount": "250 ml",
    "subcategory_name": "Speciální - Mléčné nápoje bez laktózy",
    "subcategory_url": "https://www.rohlik.cz/c300121234-mleko-a-mlecne-napoje-bez-laktozy"
  },
  {
    "name": "Lučina Nadýchaná bez laktózy",
    "price": "53,90 Kč",
    "unit_price": "385 Kč/kg",
    "package_amount": "140 g",
    "subcategory_name": "Speciální - Sýry bez laktózy",
    "subcategory_url": "https://www.rohlik.cz/c300121232-syry-bez-laktozy"
  },
  {
    "name": "Madeta Jihočeský natur cottage bez laktózy 7 %",
    "price": "32,90 Kč",
    "unit_price": "219.33 Kč/kg",
    "package_amount": "150 g",
    "subcategory_name": "Speciální - Sýry bez laktózy",
    "subcategory_url": "https://www.rohlik.cz/c300121232-syry-bez-laktozy"
  },
  {
    "name": "Delacto Gouda plátky bez laktózy",
    "price": "49,90 Kč",
    "unit_price": "499 Kč/kg",
    "package_amount": "100 g",
    "subcategory_name": "Speciální - Sýry bez laktózy",
    "subcategory_url": "https://www.rohlik.cz/c300121232-syry-bez-laktozy"
  },
  {
    "name": "Sedlčanský Hermelín bez laktózy",
    "price": "44,90 Kč",
    "unit_price": "449 Kč/kg",
    "package_amount": "100 g",
    "subcategory_name": "Speciální - Sýry bez laktózy",
    "subcategory_url": "https://www.rohlik.cz/c300121232-syry-bez-laktozy"
  },
  {
    "name": "Heinrichsthaler Tilsiter 45% plátky",
    "price": "66,10 Kč",
    "unit_price": "440.67 Kč/kg",
    "package_amount": "150 g",
    "subcategory_name": "Speciální - Sýry bez laktózy",
    "subcategory_url": "https://www.rohlik.cz/c300121232-syry-bez-laktozy"
  },
  {
    "name": "Meggle Cottage sýr bezlaktózový",
    "price": "45,90 Kč",
    "unit_price": "255 Kč/kg",
    "package_amount": "180 g",
    "subcategory_name": "Speciální - Sýry bez laktózy",
    "subcategory_url": "https://www.rohlik.cz/c300121232-syry-bez-laktozy"
  },
  {
    "name": "Galbani Mozzarella Lactose free",
    "price": "49,90 Kč",
    "unit_price": "499 Kč/kg",
    "package_amount": "100 g",
    "subcategory_name": "Speciální - Sýry bez laktózy",
    "subcategory_url": "https://www.rohlik.cz/c300121232-syry-bez-laktozy"
  },
  {
    "name": "Mini Babybel Original",
    "price": "67,90 Kč",
    "unit_price": "679 Kč/kg",
    "package_amount": "100 g",
    "subcategory_name": "Speciální - Sýry bez laktózy",
    "subcategory_url": "https://www.rohlik.cz/c300121232-syry-bez-laktozy"
  },
  {
    "name": "Tami Mozzarella bez laktózy",
    "price": "34,90 Kč",
    "unit_price": "290.83 Kč/kg",
    "package_amount": "120 g",
    "subcategory_name": "Speciální - Sýry bez laktózy",
    "subcategory_url": "https://www.rohlik.cz/c300121232-syry-bez-laktozy"
  },
  {
    "name": "Heinrichsthaler Gouda 48% plátky",
    "price": "74,90 Kč",
    "unit_price": "499.33 Kč/kg",
    "package_amount": "150 g",
    "subcategory_name": "Speciální - Sýry bez laktózy",
    "subcategory_url": "https://www.rohlik.cz/c300121232-syry-bez-laktozy"
  },
  {
    "name": "Heinrichsthaler Emmental 45% plátky",
    "price": "62,90 Kč",
    "unit_price": "503.2 Kč/kg",
    "package_amount": "125 g",
    "subcategory_name": "Speciální - Sýry bez laktózy",
    "subcategory_url": "https://www.rohlik.cz/c300121232-syry-bez-laktozy"
  },
  {
    "name": "Liptov Gouda bez laktózy",
    "price": "48,90 Kč",
    "unit_price": "543.33 Kč/kg",
    "package_amount": "90 g",
    "subcategory_name": "Speciální - Sýry bez laktózy",
    "subcategory_url": "https://www.rohlik.cz/c300121232-syry-bez-laktozy"
  },
  {
    "name": "Granarolo High protein ricotta",
    "price": "54,40 Kč",
    "unit_price": "217.6 Kč/kg",
    "package_amount": "250 g",
    "subcategory_name": "Speciální - Sýry bez laktózy",
    "subcategory_url": "https://www.rohlik.cz/c300121232-syry-bez-laktozy"
  },
  {
    "name": "Arla Smetanový sýr natur bez laktózy",
    "price": "59,90 Kč",
    "unit_price": "299.5 Kč/kg",
    "package_amount": "200 g",
    "subcategory_name": "Speciální - Sýry bez laktózy",
    "subcategory_url": "https://www.rohlik.cz/c300121232-syry-bez-laktozy"
  },
  {
    "name": "Meggle Bezlaktózová smetana ke šlehání 30%",
    "price": "37,90 Kč",
    "unit_price": "189.5 Kč/l",
    "package_amount": "200 ml",
    "subcategory_name": "Speciální - Smetany bez laktózy",
    "subcategory_url": "https://www.rohlik.cz/c300121236-smetany-a-slehacky-bez-laktozy"
  },
  {
    "name": "Meggle Bezlaktózová smetana na vaření 10%",
    "price": "35,90 Kč",
    "unit_price": "179.5 Kč/l",
    "package_amount": "200 ml",
    "subcategory_name": "Speciální - Smetany bez laktózy",
    "subcategory_url": "https://www.rohlik.cz/c300121236-smetany-a-slehacky-bez-laktozy"
  },
  {
    "name": "Madeta Jihočeská zakysaná smetana 15% bezlaktózová",
    "price": "29,90 Kč",
    "unit_price": "166.11 Kč/kg",
    "package_amount": "180 g",
    "subcategory_name": "Speciální - Smetany bez laktózy",
    "subcategory_url": "https://www.rohlik.cz/c300121236-smetany-a-slehacky-bez-laktozy"
  },
  {
    "name": "Berchtesgadener Land BIO Smetana ke šlehání bez laktózy",
    "price": "46,90 Kč",
    "unit_price": "234.5 Kč/kg",
    "package_amount": "200 g",
    "subcategory_name": "Speciální - Smetany bez laktózy",
    "subcategory_url": "https://www.rohlik.cz/c300121236-smetany-a-slehacky-bez-laktozy"
  },
  {
    "name": "Madeta Zakysaná smetana s jahodami bez laktózy",
    "price": "19,30 Kč",
    "unit_price": "148.46 Kč/kg",
    "package_amount": "130 g",
    "subcategory_name": "Speciální - Smetany bez laktózy",
    "subcategory_url": "https://www.rohlik.cz/c300121236-smetany-a-slehacky-bez-laktozy"
  },
  {
    "name": "Meggle Bezlaktózová šlehačka ve spreji 22%",
    "price": "84,90 Kč",
    "unit_price": "339.6 Kč/l",
    "package_amount": "250 ml",
    "subcategory_name": "Speciální - Smetany bez laktózy",
    "subcategory_url": "https://www.rohlik.cz/c300121236-smetany-a-slehacky-bez-laktozy"
  },
  {
    "name": "Granarolo Bezlaktózová smetana 35%",
    "price": "59,90 Kč",
    "unit_price": "239.6 Kč/l",
    "package_amount": "250 ml",
    "subcategory_name": "Speciální - Smetany bez laktózy",
    "subcategory_url": "https://www.rohlik.cz/c300121236-smetany-a-slehacky-bez-laktozy"
  },
  {
    "name": "Granarolo UHT Bezlaktózová smetana na vaření 20% (3×100 ml)",
    "price": "72,90 Kč",
    "unit_price": "243 Kč/kg",
    "package_amount": "300 g",
    "subcategory_name": "Speciální - Smetany bez laktózy",
    "subcategory_url": "https://www.rohlik.cz/c300121236-smetany-a-slehacky-bez-laktozy"
  },
  {
    "name": "Miil Čerstvé mléko plnotučné 3,5%",
    "price": "27,90 Kč",
    "unit_price": "27.9 Kč/l",
    "package_amount": "1 l",
    "subcategory_name": "Mléčné - Čerstvé",
    "subcategory_url": "https://www.rohlik.cz/c300105002-cerstve"
  },
  {
    "name": "Miil Selské čerstvé plnotučné mléko 3,8 % tuku",
    "price": "27,90 Kč",
    "unit_price": "27.9 Kč/l",
    "package_amount": "1 l",
    "subcategory_name": "Mléčné - Čerstvé",
    "subcategory_url": "https://www.rohlik.cz/c300105002-cerstve"
  },
  {
    "name": "Miil Čerstvé mléko polotučné 1,5 % tuku",
    "price": "23,90 Kč",
    "unit_price": "23.9 Kč/l",
    "package_amount": "1 l",
    "subcategory_name": "Mléčné - Čerstvé",
    "subcategory_url": "https://www.rohlik.cz/c300105002-cerstve"
  },
  {
    "name": "Olma BIO Čerstvé mléko plnotučné 4 %",
    "price": "39,90 Kč",
    "unit_price": "39.9 Kč/l",
    "package_amount": "1 l",
    "subcategory_name": "Mléčné - Čerstvé",
    "subcategory_url": "https://www.rohlik.cz/c300105002-cerstve"
  },
  {
    "name": "Miil BIO Čerstvé mléko plnotučné 3,6%",
    "price": "33,90 Kč",
    "unit_price": "33.9 Kč/l",
    "package_amount": "1 l",
    "subcategory_name": "Mléčné - Čerstvé",
    "subcategory_url": "https://www.rohlik.cz/c300105002-cerstve"
  },
  {
    "name": "Olma Čerstvé mléko polotučné 1,5 %",
    "price": "33,90 Kč",
    "unit_price": "33.9 Kč/l",
    "package_amount": "1 l",
    "subcategory_name": "Mléčné - Čerstvé",
    "subcategory_url": "https://www.rohlik.cz/c300105002-cerstve"
  },
  {
    "name": "Olma Selské čerstvé mléko plnotučné 3,9 %",
    "price": "41,90 Kč",
    "unit_price": "41.9 Kč/l",
    "package_amount": "1 l",
    "subcategory_name": "Mléčné - Čerstvé",
    "subcategory_url": "https://www.rohlik.cz/c300105002-cerstve"
  },
  {
    "name": "Bohemilk Čerstvé mléko ve skle plnotučné 3,5%",
    "price": "45,90 Kč",
    "unit_price": "61.2 Kč/l",
    "package_amount": "0,75 l",
    "subcategory_name": "Mléčné - Čerstvé",
    "subcategory_url": "https://www.rohlik.cz/c300105002-cerstve"
  },
  {
    "name": "Mlékárna Řetová Sloupnické selské A2 mléko",
    "price": "53,40 Kč",
    "unit_price": "53.4 Kč/l",
    "package_amount": "1 l",
    "subcategory_name": "Mléčné - Čerstvé",
    "subcategory_url": "https://www.rohlik.cz/c300105002-cerstve"
  },
  {
    "name": "Krajanka Čerstvé mléko plnotučné 3,5%",
    "price": "31,90 Kč",
    "unit_price": "31.9 Kč/l",
    "package_amount": "1 l",
    "subcategory_name": "Mléčné - Čerstvé",
    "subcategory_url": "https://www.rohlik.cz/c300105002-cerstve"
  },
  {
    "name": "Tami BIO Čerstvé mléko polotučné 1,5%",
    "price": "44,90 Kč",
    "unit_price": "44.9 Kč/l",
    "package_amount": "1 l",
    "subcategory_name": "Mléčné - Čerstvé",
    "subcategory_url": "https://www.rohlik.cz/c300105002-cerstve"
  },
  {
    "name": "Farma rodiny Němcovy Mléko ve skle nehomogenizované",
    "price": "40,90 Kč",
    "unit_price": "40.9 Kč/l",
    "package_amount": "1 l",
    "subcategory_name": "Mléčné - Čerstvé",
    "subcategory_url": "https://www.rohlik.cz/c300105002-cerstve"
  },
  {
    "name": "Berchtesgadener Land BIO Čerstvé alpské mléko bez laktózy plnotučné",
    "price": "67,90 Kč",
    "unit_price": "67.9 Kč/l",
    "package_amount": "1 l",
    "subcategory_name": "Mléčné - Čerstvé",
    "subcategory_url": "https://www.rohlik.cz/c300105002-cerstve"
  },
  {
    "name": "Mlékárna Kunín Selské mléko plnotučné čerstvé 3,8%",
    "price": "44,90 Kč",
    "unit_price": "44.9 Kč/l",
    "package_amount": "1 l",
    "subcategory_name": "Mléčné - Čerstvé",
    "subcategory_url": "https://www.rohlik.cz/c300105002-cerstve"
  },
  {
    "name": "Miil Kefírové mléko 1%",
    "price": "14,90 Kč",
    "unit_price": "29.8 Kč/l",
    "package_amount": "500 ml",
    "subcategory_name": "Mléčné - Kefíry",
    "subcategory_url": "https://www.rohlik.cz/c300105007-kefiry-a-zakys"
  },
  {
    "name": "Olma BIO Selský Kefír",
    "price": "26,90 Kč",
    "unit_price": "59.78 Kč/kg",
    "package_amount": "450 g",
    "subcategory_name": "Mléčné - Kefíry",
    "subcategory_url": "https://www.rohlik.cz/c300105007-kefiry-a-zakys"
  },
  {
    "name": "Mlékárna ValMez Kefírové mléko nízkotučné 1,1%",
    "price": "24,90 Kč",
    "unit_price": "49.8 Kč/l",
    "package_amount": "500 ml",
    "subcategory_name": "Mléčné - Kefíry",
    "subcategory_url": "https://www.rohlik.cz/c300105007-kefiry-a-zakys"
  },
  {
    "name": "Mlékárna Kunín Kefírové mléko",
    "price": "33,90 Kč",
    "unit_price": "45.2 Kč/kg",
    "package_amount": "0,75 kg",
    "subcategory_name": "Mléčné - Kefíry",
    "subcategory_url": "https://www.rohlik.cz/c300105007-kefiry-a-zakys"
  },
  {
    "name": "Mlékárna Kunín Kefírové mléko",
    "price": "23,90 Kč",
    "unit_price": "79.67 Kč/kg",
    "package_amount": "300 g",
    "subcategory_name": "Mléčné - Kefíry",
    "subcategory_url": "https://www.rohlik.cz/c300105007-kefiry-a-zakys"
  },
  {
    "name": "Moravia Podmáslí kysané 1 %",
    "price": "20,90 Kč",
    "unit_price": "41.8 Kč/l",
    "package_amount": "500 ml",
    "subcategory_name": "Mléčné - Kefíry",
    "subcategory_url": "https://www.rohlik.cz/c300105007-kefiry-a-zakys"
  },
  {
    "name": "Mlékárna ValMez Kefírové mléko jahoda nízkotučné 0,8%",
    "price": "28,90 Kč",
    "unit_price": "64.22 Kč/l",
    "package_amount": "450 ml",
    "subcategory_name": "Mléčné - Kefíry",
    "subcategory_url": "https://www.rohlik.cz/c300105007-kefiry-a-zakys"
  },
  {
    "name": "Mlékárna Kunín Kefírové mléko banán",
    "price": "23,90 Kč",
    "unit_price": "79.67 Kč/kg",
    "package_amount": "300 g",
    "subcategory_name": "Mléčné - Kefíry",
    "subcategory_url": "https://www.rohlik.cz/c300105007-kefiry-a-zakys"
  },
  {
    "name": "Mlékárna ValMez Kefírové mléko meruňkové nízkotučné 0,8%",
    "price": "28,90 Kč",
    "unit_price": "64.22 Kč/l",
    "package_amount": "450 ml",
    "subcategory_name": "Mléčné - Kefíry",
    "subcategory_url": "https://www.rohlik.cz/c300105007-kefiry-a-zakys"
  },
  {
    "name": "Mlékárna Kunín Kefírové mléko jahoda",
    "price": "23,90 Kč",
    "unit_price": "79.67 Kč/kg",
    "package_amount": "300 g",
    "subcategory_name": "Mléčné - Kefíry",
    "subcategory_url": "https://www.rohlik.cz/c300105007-kefiry-a-zakys"
  },
  {
    "name": "Milknatur Kefír selský z farmy",
    "price": "35,90 Kč",
    "unit_price": "79.78 Kč/l",
    "package_amount": "450 ml",
    "subcategory_name": "Mléčné - Kefíry",
    "subcategory_url": "https://www.rohlik.cz/c300105007-kefiry-a-zakys"
  },
  {
    "name": "Biofarma DoRa BIO Kozí kefír",
    "price": "52,90 Kč",
    "unit_price": "117.56 Kč/kg",
    "package_amount": "450 g",
    "subcategory_name": "Mléčné - Kefíry",
    "subcategory_url": "https://www.rohlik.cz/c300105007-kefiry-a-zakys"
  },
  {
    "name": "Mlékárna Kunín Acidofilní mléko malina",
    "price": "23,90 Kč",
    "unit_price": "79.67 Kč/kg",
    "package_amount": "300 g",
    "subcategory_name": "Mléčné - Kefíry",
    "subcategory_url": "https://www.rohlik.cz/c300105007-kefiry-a-zakys"
  },
  {
    "name": "Mlékárna Kunín Acidofilní mléko",
    "price": "33,90 Kč",
    "unit_price": "45.2 Kč/kg",
    "package_amount": "0,75 kg",
    "subcategory_name": "Mléčné - Kefíry",
    "subcategory_url": "https://www.rohlik.cz/c300105007-kefiry-a-zakys"
  },
  {
    "name": "Actimel Kids Probiotický nápoj banán a jahoda 8×100 g",
    "price": "125,90 Kč",
    "unit_price": "157.38 Kč/kg",
    "package_amount": "0,8 kg",
    "subcategory_name": "Mléčné - Pro děti",
    "subcategory_url": "https://www.rohlik.cz/c300114403-pro-deti"
  },
  {
    "name": "Actimel Kids Probiotický nápoj broskev 8×100 g",
    "price": "125,90 Kč",
    "unit_price": "157.38 Kč/kg",
    "package_amount": "0,8 kg",
    "subcategory_name": "Mléčné - Pro děti",
    "subcategory_url": "https://www.rohlik.cz/c300114403-pro-deti"
  },
  {
    "name": "Madeta Lipánek mléko vanilkové 1,3 %",
    "price": "19,90 Kč",
    "unit_price": "79.6 Kč/l",
    "package_amount": "250 ml",
    "subcategory_name": "Mléčné - Pro děti",
    "subcategory_url": "https://www.rohlik.cz/c300114403-pro-deti"
  },
  {
    "name": "Madeta Lipánek mléko čokoládové 1,3 %",
    "price": "19,90 Kč",
    "unit_price": "79.6 Kč/l",
    "package_amount": "250 ml",
    "subcategory_name": "Mléčné - Pro děti",
    "subcategory_url": "https://www.rohlik.cz/c300114403-pro-deti"
  },
  {
    "name": "Alpro Sójový nápoj s čokoládovou příchutí",
    "price": "35,90 Kč",
    "unit_price": "143.6 Kč/l",
    "package_amount": "250 ml",
    "subcategory_name": "Mléčné - Pro děti",
    "subcategory_url": "https://www.rohlik.cz/c300114403-pro-deti"
  },
  {
    "name": "Alpro Sójový nápoj s banánovou příchutí",
    "price": "35,90 Kč",
    "unit_price": "143.6 Kč/l",
    "package_amount": "250 ml",
    "subcategory_name": "Mléčné - Pro děti",
    "subcategory_url": "https://www.rohlik.cz/c300114403-pro-deti"
  },
  {
    "name": "Alpro Sójový nápoj s vanilkovou příchutí",
    "price": "35,90 Kč",
    "unit_price": "143.6 Kč/l",
    "package_amount": "250 ml",
    "subcategory_name": "Mléčné - Pro děti",
    "subcategory_url": "https://www.rohlik.cz/c300114403-pro-deti"
  },
  {
    "name": "Pribináček Sportík Bifido jahoda",
    "price": "26,90 Kč",
    "unit_price": "158.24 Kč/kg",
    "package_amount": "170 g",
    "subcategory_name": "Mléčné - Pro děti",
    "subcategory_url": "https://www.rohlik.cz/c300114403-pro-deti"
  },
  {
    "name": "Actimel Kids Probiotický nápoj banán a jahoda 4×100 g",
    "price": "77,90 Kč",
    "unit_price": "194.75 Kč/kg",
    "package_amount": "400 g",
    "subcategory_name": "Mléčné - Pro děti",
    "subcategory_url": "https://www.rohlik.cz/c300114403-pro-deti"
  },
  {
    "name": "Pribináček Sportík Bifido vanilka",
    "price": "26,90 Kč",
    "unit_price": "158.24 Kč/kg",
    "package_amount": "170 g",
    "subcategory_name": "Mléčné - Pro děti",
    "subcategory_url": "https://www.rohlik.cz/c300114403-pro-deti"
  },
  {
    "name": "Madeta Lipánek mléko jahodové 1,3 %",
    "price": "19,90 Kč",
    "unit_price": "79.6 Kč/l",
    "package_amount": "250 ml",
    "subcategory_name": "Mléčné - Pro děti",
    "subcategory_url": "https://www.rohlik.cz/c300114403-pro-deti"
  },
  {
    "name": "Madeta Lipánek mléko polotučné 1,5%",
    "price": "19,90 Kč",
    "unit_price": "79.6 Kč/l",
    "package_amount": "250 ml",
    "subcategory_name": "Mléčné - Pro děti",
    "subcategory_url": "https://www.rohlik.cz/c300114403-pro-deti"
  },
  {
    "name": "Zott Monte Drink",
    "price": "27,90 Kč",
    "unit_price": "139.5 Kč/l",
    "package_amount": "200 ml",
    "subcategory_name": "Mléčné - Pro děti",
    "subcategory_url": "https://www.rohlik.cz/c300114403-pro-deti"
  },
  {
    "name": "Mlékárna Kunín Termix šejk s příchutí kakao",
    "price": "23,90 Kč",
    "unit_price": "79.67 Kč/kg",
    "package_amount": "300 g",
    "subcategory_name": "Mléčné - Pro děti",
    "subcategory_url": "https://www.rohlik.cz/c300114403-pro-deti"
  },
  {
    "name": "Miil Trvanlivé plnotučné mléko 3,5%",
    "price": "24,90 Kč",
    "unit_price": "24.9 Kč/l",
    "package_amount": "1 l",
    "subcategory_name": "Mléčné - Trvanlivé",
    "subcategory_url": "https://www.rohlik.cz/c300105003-trvanlive"
  },
  {
    "name": "Miil Trvanlivé polotučné mléko 1,5%",
    "price": "21,90 Kč",
    "unit_price": "21.9 Kč/l",
    "package_amount": "1 l",
    "subcategory_name": "Mléčné - Trvanlivé",
    "subcategory_url": "https://www.rohlik.cz/c300105003-trvanlive"
  },
  {
    "name": "Miil Trvanlivé polotučné mléko 1,5%, bez laktózy",
    "price": "24,90 Kč",
    "unit_price": "24.9 Kč/l",
    "package_amount": "1 l",
    "subcategory_name": "Mléčné - Trvanlivé",
    "subcategory_url": "https://www.rohlik.cz/c300105003-trvanlive"
  },
  {
    "name": "Madeta Jihočeské mléko trvanlivé plnotučné 3,5%",
    "price": "27,90 Kč",
    "unit_price": "27.9 Kč/l",
    "package_amount": "1 l",
    "subcategory_name": "Mléčné - Trvanlivé",
    "subcategory_url": "https://www.rohlik.cz/c300105003-trvanlive"
  },
  {
    "name": "Pragolaktos Trvanlivé plnotučné mléko bez laktózy 3,5%",
    "price": "29,90 Kč",
    "unit_price": "29.9 Kč/l",
    "package_amount": "1 l",
    "subcategory_name": "Mléčné - Trvanlivé",
    "subcategory_url": "https://www.rohlik.cz/c300105003-trvanlive"
  },
  {
    "name": "Madeta Jihočeské trvanlivé polotučné mléko 1,5%",
    "price": "24,90 Kč",
    "unit_price": "24.9 Kč/l",
    "package_amount": "1 l",
    "subcategory_name": "Mléčné - Trvanlivé",
    "subcategory_url": "https://www.rohlik.cz/c300105003-trvanlive"
  },
  {
    "name": "Tatra Trvanlivé mléko polotučné 1,5 %",
    "price": "19,90 Kč",
    "unit_price": "39.8 Kč/l",
    "package_amount": "500 ml",
    "subcategory_name": "Mléčné - Trvanlivé",
    "subcategory_url": "https://www.rohlik.cz/c300105003-trvanlive"
  },
  {
    "name": "Pragolaktos Trvanlivé mléko 3,5% plnotučné",
    "price": "28,90 Kč",
    "unit_price": "28.9 Kč/l",
    "package_amount": "1 l",
    "subcategory_name": "Mléčné - Trvanlivé",
    "subcategory_url": "https://www.rohlik.cz/c300105003-trvanlive"
  },
  {
    "name": "Meggle Trvanlivé bezlaktózové mléko polotučné 1,5%",
    "price": "43,90 Kč",
    "unit_price": "43.9 Kč/l",
    "package_amount": "1 l",
    "subcategory_name": "Mléčné - Trvanlivé",
    "subcategory_url": "https://www.rohlik.cz/c300105003-trvanlive"
  },
  {
    "name": "Trvanlivé mléko odstředěné 0,3%",
    "price": "17,90 Kč",
    "unit_price": "17.9 Kč/l",
    "package_amount": "1 l",
    "subcategory_name": "Mléčné - Trvanlivé",
    "subcategory_url": "https://www.rohlik.cz/c300105003-trvanlive"
  },
  {
    "name": "Pragolaktos Trvanlivé mléko s uzávěrem 1,5% polotučné",
    "price": "24,90 Kč",
    "unit_price": "24.9 Kč/l",
    "package_amount": "1 l",
    "subcategory_name": "Mléčné - Trvanlivé",
    "subcategory_url": "https://www.rohlik.cz/c300105003-trvanlive"
  },
  {
    "name": "Meggle Trvanlivé mléko Barista 3,5%",
    "price": "62,90 Kč",
    "unit_price": "62.9 Kč/l",
    "package_amount": "1 l",
    "subcategory_name": "Mléčné - Trvanlivé",
    "subcategory_url": "https://www.rohlik.cz/c300105003-trvanlive"
  },
  {
    "name": "Meggle Trvanlivé bezlaktózové mléko plnotučné 3,5%",
    "price": "49,90 Kč",
    "unit_price": "49.9 Kč/l",
    "package_amount": "1 l",
    "subcategory_name": "Mléčné - Trvanlivé",
    "subcategory_url": "https://www.rohlik.cz/c300105003-trvanlive"
  },
  {
    "name": "Mlékárna Kunín Trvanlivé mléko odstředěné 0,5%",
    "price": "19,90 Kč",
    "unit_price": "19.9 Kč/l",
    "package_amount": "1 l",
    "subcategory_name": "Mléčné - Trvanlivé",
    "subcategory_url": "https://www.rohlik.cz/c300105003-trvanlive"
  },
  {
    "name": "Actimel Probiotický nápoj bílý 8×100 g",
    "price": "125,90 Kč",
    "unit_price": "157.38 Kč/kg",
    "package_amount": "0,8 kg",
    "subcategory_name": "Mléčné - Jogurtové nápoje",
    "subcategory_url": "https://www.rohlik.cz/c300105005-mlecne-a-jogurtove-napoje"
  },
  {
    "name": "Actimel Kids Probiotický nápoj banán a jahoda 8×100 g",
    "price": "125,90 Kč",
    "unit_price": "157.38 Kč/kg",
    "package_amount": "0,8 kg",
    "subcategory_name": "Mléčné - Jogurtové nápoje",
    "subcategory_url": "https://www.rohlik.cz/c300105005-mlecne-a-jogurtove-napoje"
  },
  {
    "name": "Activia Probiotický jogurtový nápoj jahoda a cereálie",
    "price": "32,90 Kč",
    "unit_price": "121.85 Kč/kg",
    "package_amount": "270 g",
    "subcategory_name": "Mléčné - Jogurtové nápoje",
    "subcategory_url": "https://www.rohlik.cz/c300105005-mlecne-a-jogurtove-napoje"
  },
  {
    "name": "Activia Probiotický jogurtový nápoj mango a banán bez přidaného cukru",
    "price": "32,90 Kč",
    "unit_price": "121.85 Kč/kg",
    "package_amount": "270 g",
    "subcategory_name": "Mléčné - Jogurtové nápoje",
    "subcategory_url": "https://www.rohlik.cz/c300105005-mlecne-a-jogurtove-napoje"
  },
  {
    "name": "Actimel Probiotický nápoj jahoda 8×100 g",
    "price": "125,90 Kč",
    "unit_price": "157.38 Kč/kg",
    "package_amount": "0,8 kg",
    "subcategory_name": "Mléčné - Jogurtové nápoje",
    "subcategory_url": "https://www.rohlik.cz/c300105005-mlecne-a-jogurtove-napoje"
  },
  {
    "name": "Activia Probiotický jogurtový nápoj lesní plody",
    "price": "32,90 Kč",
    "unit_price": "117.5 Kč/kg",
    "package_amount": "280 g",
    "subcategory_name": "Mléčné - Jogurtové nápoje",
    "subcategory_url": "https://www.rohlik.cz/c300105005-mlecne-a-jogurtove-napoje"
  },
  {
    "name": "Haydi Ayran jogurtový nápoj",
    "price": "14,50 Kč",
    "unit_price": "58 Kč/l",
    "package_amount": "250 ml",
    "subcategory_name": "Mléčné - Jogurtové nápoje",
    "subcategory_url": "https://www.rohlik.cz/c300105005-mlecne-a-jogurtove-napoje"
  },
  {
    "name": "Olma High protein mléko",
    "price": "42,90 Kč",
    "unit_price": "42.9 Kč/l",
    "package_amount": "1 l",
    "subcategory_name": "Mléčné - Jogurtové nápoje",
    "subcategory_url": "https://www.rohlik.cz/c300105005-mlecne-a-jogurtove-napoje"
  },
  {
    "name": "Actimel Probiotický nápoj lesní plody 8×100 g",
    "price": "125,90 Kč",
    "unit_price": "157.38 Kč/kg",
    "package_amount": "0,8 kg",
    "subcategory_name": "Mléčné - Jogurtové nápoje",
    "subcategory_url": "https://www.rohlik.cz/c300105005-mlecne-a-jogurtove-napoje"
  },
  {
    "name": "Zott Protein drink čokoláda",
    "price": "26,90 Kč",
    "unit_price": "107.6 Kč/l",
    "package_amount": "250 ml",
    "subcategory_name": "Mléčné - Jogurtové nápoje",
    "subcategory_url": "https://www.rohlik.cz/c300105005-mlecne-a-jogurtove-napoje"
  },
  {
    "name": "Zott Protein drink vanilka",
    "price": "26,90 Kč",
    "unit_price": "107.6 Kč/l",
    "package_amount": "250 ml",
    "subcategory_name": "Mléčné - Jogurtové nápoje",
    "subcategory_url": "https://www.rohlik.cz/c300105005-mlecne-a-jogurtove-napoje"
  },
  {
    "name": "Activia Probiotický jogurtový nápoj cereálie",
    "price": "32,90 Kč",
    "unit_price": "121.85 Kč/kg",
    "package_amount": "270 g",
    "subcategory_name": "Mléčné - Jogurtové nápoje",
    "subcategory_url": "https://www.rohlik.cz/c300105005-mlecne-a-jogurtove-napoje"
  },
  {
    "name": "Activia Probiotický jogurtový nápoj jablko, třešeň a banán bez přidaného cukru",
    "price": "32,90 Kč",
    "unit_price": "121.85 Kč/kg",
    "package_amount": "270 g",
    "subcategory_name": "Mléčné - Jogurtové nápoje",
    "subcategory_url": "https://www.rohlik.cz/c300105005-mlecne-a-jogurtove-napoje"
  },
  {
    "name": "Activia Probiotický jogurtový nápoj broskev, ananas a banán bez přidaného cukru",
    "price": "32,90 Kč",
    "unit_price": "121.85 Kč/kg",
    "package_amount": "270 g",
    "subcategory_name": "Mléčné - Jogurtové nápoje",
    "subcategory_url": "https://www.rohlik.cz/c300105005-mlecne-a-jogurtove-napoje"
  },
  {
    "name": "Oatly! Ovesný nápoj Barista Edition",
    "price": "69,90 Kč",
    "unit_price": "69.9 Kč/l",
    "package_amount": "1 l",
    "subcategory_name": "Mléčné - Rostlinné nápoje",
    "subcategory_url": "https://www.rohlik.cz/c300105006-rostlinne-napoje"
  },
  {
    "name": "Alpro Barista Kokosový nápoj",
    "price": "64,90 Kč",
    "unit_price": "86.53 Kč/l",
    "package_amount": "0,75 l",
    "subcategory_name": "Mléčné - Rostlinné nápoje",
    "subcategory_url": "https://www.rohlik.cz/c300105006-rostlinne-napoje"
  },
  {
    "name": "Asia Time Kokosové mléko",
    "price": "35,90 Kč",
    "unit_price": "217.58 Kč/l",
    "package_amount": "165 ml",
    "subcategory_name": "Mléčné - Rostlinné nápoje",
    "subcategory_url": "https://www.rohlik.cz/c300105006-rostlinne-napoje"
  },
  {
    "name": "Alpro Barista Ovesný nápoj bez lepku",
    "price": "64,90 Kč",
    "unit_price": "86.53 Kč/l",
    "package_amount": "0,75 l",
    "subcategory_name": "Mléčné - Rostlinné nápoje",
    "subcategory_url": "https://www.rohlik.cz/c300105006-rostlinne-napoje"
  },
  {
    "name": "Alpro Barista mandlový nápoj",
    "price": "64,90 Kč",
    "unit_price": "86.53 Kč/l",
    "package_amount": "0,75 l",
    "subcategory_name": "Mléčné - Rostlinné nápoje",
    "subcategory_url": "https://www.rohlik.cz/c300105006-rostlinne-napoje"
  },
  {
    "name": "Alpro Mandlový nápoj neslazený",
    "price": "84,90 Kč",
    "unit_price": "84.9 Kč/l",
    "package_amount": "1 l",
    "subcategory_name": "Mléčné - Rostlinné nápoje",
    "subcategory_url": "https://www.rohlik.cz/c300105006-rostlinne-napoje"
  },
  {
    "name": "Alnatura BIO Kokosové mléko",
    "price": "69,90 Kč",
    "unit_price": "174.75 Kč/l",
    "package_amount": "400 ml",
    "subcategory_name": "Mléčné - Rostlinné nápoje",
    "subcategory_url": "https://www.rohlik.cz/c300105006-rostlinne-napoje"
  },
  {
    "name": "Alpro Sójový nápoj s vanilkovou příchutí",
    "price": "85,90 Kč",
    "unit_price": "85.9 Kč/l",
    "package_amount": "1 l",
    "subcategory_name": "Mléčné - Rostlinné nápoje",
    "subcategory_url": "https://www.rohlik.cz/c300105006-rostlinne-napoje"
  },
  {
    "name": "Alpro Sójový nápoj",
    "price": "74,90 Kč",
    "unit_price": "74.9 Kč/l",
    "package_amount": "1 l",
    "subcategory_name": "Mléčné - Rostlinné nápoje",
    "subcategory_url": "https://www.rohlik.cz/c300105006-rostlinne-napoje"
  },
  {
    "name": "Minor Figures Ovesný nápoj barista",
    "price": "72,90 Kč",
    "unit_price": "72.9 Kč/l",
    "package_amount": "1 l",
    "subcategory_name": "Mléčné - Rostlinné nápoje",
    "subcategory_url": "https://www.rohlik.cz/c300105006-rostlinne-napoje"
  },
  {
    "name": "Alpro Sójový nápoj s čokoládovou příchutí",
    "price": "35,90 Kč",
    "unit_price": "143.6 Kč/l",
    "package_amount": "250 ml",
    "subcategory_name": "Mléčné - Rostlinné nápoje",
    "subcategory_url": "https://www.rohlik.cz/c300105006-rostlinne-napoje"
  },
  {
    "name": "Alpro Sójový nápoj neslazený",
    "price": "74,90 Kč",
    "unit_price": "74.9 Kč/l",
    "package_amount": "1 l",
    "subcategory_name": "Mléčné - Rostlinné nápoje",
    "subcategory_url": "https://www.rohlik.cz/c300105006-rostlinne-napoje"
  },
  {
    "name": "Alpro Sójový nápoj s banánovou příchutí",
    "price": "35,90 Kč",
    "unit_price": "143.6 Kč/l",
    "package_amount": "250 ml",
    "subcategory_name": "Mléčné - Rostlinné nápoje",
    "subcategory_url": "https://www.rohlik.cz/c300105006-rostlinne-napoje"
  },
  {
    "name": "Wild & Coco Biotic Cocofir Mango",
    "price": "79,90 Kč",
    "unit_price": "319.6 Kč/l",
    "package_amount": "250 ml",
    "subcategory_name": "Mléčné - Rostlinné nápoje",
    "subcategory_url": "https://www.rohlik.cz/c300105006-rostlinne-napoje"
  },
  {
    "name": "Miil BIO Čerstvé mléko plnotučné 3,6%",
    "price": "33,90 Kč",
    "unit_price": "33.9 Kč/l",
    "package_amount": "1 l",
    "subcategory_name": "Mléčné - Farmářské mléko",
    "subcategory_url": "https://www.rohlik.cz/c300105069-bio-a-farmarske-mleko-a-mlecne-napoje"
  },
  {
    "name": "Olma BIO Čerstvé mléko plnotučné 4 %",
    "price": "39,90 Kč",
    "unit_price": "39.9 Kč/l",
    "package_amount": "1 l",
    "subcategory_name": "Mléčné - Farmářské mléko",
    "subcategory_url": "https://www.rohlik.cz/c300105069-bio-a-farmarske-mleko-a-mlecne-napoje"
  },
  {
    "name": "Mlékárna Řetová Sloupnické selské A2 mléko",
    "price": "53,40 Kč",
    "unit_price": "53.4 Kč/l",
    "package_amount": "1 l",
    "subcategory_name": "Mléčné - Farmářské mléko",
    "subcategory_url": "https://www.rohlik.cz/c300105069-bio-a-farmarske-mleko-a-mlecne-napoje"
  },
  {
    "name": "Olma BIO Selský Kefír",
    "price": "26,90 Kč",
    "unit_price": "59.78 Kč/kg",
    "package_amount": "450 g",
    "subcategory_name": "Mléčné - Farmářské mléko",
    "subcategory_url": "https://www.rohlik.cz/c300105069-bio-a-farmarske-mleko-a-mlecne-napoje"
  },
  {
    "name": "Tami BIO Čerstvé mléko polotučné 1,5%",
    "price": "44,90 Kč",
    "unit_price": "44.9 Kč/l",
    "package_amount": "1 l",
    "subcategory_name": "Mléčné - Farmářské mléko",
    "subcategory_url": "https://www.rohlik.cz/c300105069-bio-a-farmarske-mleko-a-mlecne-napoje"
  },
  {
    "name": "Farma rodiny Němcovy Mléko ve skle nehomogenizované",
    "price": "40,90 Kč",
    "unit_price": "40.9 Kč/l",
    "package_amount": "1 l",
    "subcategory_name": "Mléčné - Farmářské mléko",
    "subcategory_url": "https://www.rohlik.cz/c300105069-bio-a-farmarske-mleko-a-mlecne-napoje"
  },
  {
    "name": "Berchtesgadener Land BIO Čerstvé alpské mléko bez laktózy plnotučné",
    "price": "67,90 Kč",
    "unit_price": "67.9 Kč/l",
    "package_amount": "1 l",
    "subcategory_name": "Mléčné - Farmářské mléko",
    "subcategory_url": "https://www.rohlik.cz/c300105069-bio-a-farmarske-mleko-a-mlecne-napoje"
  },
  {
    "name": "Biofarma DoRa BIO Kozí kefír",
    "price": "52,90 Kč",
    "unit_price": "117.56 Kč/kg",
    "package_amount": "450 g",
    "subcategory_name": "Mléčné - Farmářské mléko",
    "subcategory_url": "https://www.rohlik.cz/c300105069-bio-a-farmarske-mleko-a-mlecne-napoje"
  },
  {
    "name": "Bon Lait Kozí mléko čerstvé, nehomogenizované",
    "price": "59,90 Kč",
    "unit_price": "119.8 Kč/l",
    "package_amount": "500 ml",
    "subcategory_name": "Mléčné - Farmářské mléko",
    "subcategory_url": "https://www.rohlik.cz/c300105069-bio-a-farmarske-mleko-a-mlecne-napoje"
  },
  {
    "name": "Milknatur Čerstvé mléko z farmy nehomogenizované min. 3,8 %",
    "price": "47,90 Kč",
    "unit_price": "47.9 Kč/l",
    "package_amount": "1 l",
    "subcategory_name": "Mléčné - Farmářské mléko",
    "subcategory_url": "https://www.rohlik.cz/c300105069-bio-a-farmarske-mleko-a-mlecne-napoje"
  },
  {
    "name": "Berchtesgadener Land BIO Čerstvé alpské mléko bez laktózy polotučné",
    "price": "59,90 Kč",
    "unit_price": "59.9 Kč/l",
    "package_amount": "1 l",
    "subcategory_name": "Mléčné - Farmářské mléko",
    "subcategory_url": "https://www.rohlik.cz/c300105069-bio-a-farmarske-mleko-a-mlecne-napoje"
  },
  {
    "name": "Biofarma DoRa Bifidora probiotický nápoj",
    "price": "33,90 Kč",
    "unit_price": "141.25 Kč/kg",
    "package_amount": "240 g",
    "subcategory_name": "Mléčné - Farmářské mléko",
    "subcategory_url": "https://www.rohlik.cz/c300105069-bio-a-farmarske-mleko-a-mlecne-napoje"
  },
  {
    "name": "Rohlik.cz BIO Kefír selský bílý",
    "price": "45,90 Kč",
    "unit_price": "153 Kč/kg",
    "package_amount": "300 g",
    "subcategory_name": "Mléčné - Farmářské mléko",
    "subcategory_url": "https://www.rohlik.cz/c300105069-bio-a-farmarske-mleko-a-mlecne-napoje"
  },
  {
    "name": "Alnatura BIO Kefír",
    "price": "29,90 Kč",
    "unit_price": "130 Kč/l",
    "package_amount": "230 ml",
    "subcategory_name": "Mléčné - Farmářské mléko",
    "subcategory_url": "https://www.rohlik.cz/c300105069-bio-a-farmarske-mleko-a-mlecne-napoje"
  },
  {
    "name": "Maresi Alpské kondenzované mléko",
    "price": "43,90 Kč",
    "unit_price": "186.02 Kč/l",
    "package_amount": "236 ml",
    "subcategory_name": "Mléčné - Kondenzované",
    "subcategory_url": "https://www.rohlik.cz/c300105004-kondenzovane"
  },
  {
    "name": "Tatra Salko zahuštěné mléko slazené 8%",
    "price": "57,52 Kč",
    "unit_price": "144.89 Kč/kg",
    "package_amount": "397 g",
    "subcategory_name": "Mléčné - Kondenzované",
    "subcategory_url": "https://www.rohlik.cz/c300105004-kondenzovane"
  },
  {
    "name": "Tatra Light zahuštěné neslazené polotučné mléko 4 %",
    "price": "35,90 Kč",
    "unit_price": "105.59 Kč/kg",
    "package_amount": "340 g",
    "subcategory_name": "Mléčné - Kondenzované",
    "subcategory_url": "https://www.rohlik.cz/c300105004-kondenzovane"
  },
  {
    "name": "Tatra Jesenka",
    "price": "30,90 Kč",
    "unit_price": "412 Kč/kg",
    "package_amount": "75 g",
    "subcategory_name": "Mléčné - Kondenzované",
    "subcategory_url": "https://www.rohlik.cz/c300105004-kondenzovane"
  },
  {
    "name": "Caramelo Condé Karamelizované zahuštěné slazené plnotučné mléko",
    "price": "67,10 Kč",
    "unit_price": "169.02 Kč/kg",
    "package_amount": "397 g",
    "subcategory_name": "Mléčné - Kondenzované",
    "subcategory_url": "https://www.rohlik.cz/c300105004-kondenzovane"
  },
  {
    "name": "Tatra Salko zahuštěné mléko slazené bez laktózy 8 %",
    "price": "82,90 Kč",
    "unit_price": "208.82 Kč/kg",
    "package_amount": "397 g",
    "subcategory_name": "Mléčné - Kondenzované",
    "subcategory_url": "https://www.rohlik.cz/c300105004-kondenzovane"
  },
  {
    "name": "Condé Sladké zahuštěné plnotučné mléko",
    "price": "84,90 Kč",
    "unit_price": "212.25 Kč/kg",
    "package_amount": "400 g",
    "subcategory_name": "Mléčné - Kondenzované",
    "subcategory_url": "https://www.rohlik.cz/c300105004-kondenzovane"
  },
  {
    "name": "Miil Tvaroh odtučněný",
    "price": "20,90 Kč",
    "unit_price": "83.6 Kč/kg",
    "package_amount": "250 g",
    "subcategory_name": "Smetany, šlehačky, tvarohy - Tvarohy",
    "subcategory_url": "https://www.rohlik.cz/c300123065-tvarohy"
  },
  {
    "name": "Miil Tvaroh polotučný",
    "price": "22,90 Kč",
    "unit_price": "91.6 Kč/kg",
    "package_amount": "250 g",
    "subcategory_name": "Smetany, šlehačky, tvarohy - Tvarohy",
    "subcategory_url": "https://www.rohlik.cz/c300123065-tvarohy"
  },
  {
    "name": "Miil Tvaroh tučný",
    "price": "24,90 Kč",
    "unit_price": "99.6 Kč/kg",
    "package_amount": "250 g",
    "subcategory_name": "Smetany, šlehačky, tvarohy - Tvarohy",
    "subcategory_url": "https://www.rohlik.cz/c300123065-tvarohy"
  },
  {
    "name": "Milko Tvaroh polotučný",
    "price": "28,90 Kč",
    "unit_price": "115.6 Kč/kg",
    "package_amount": "250 g",
    "subcategory_name": "Smetany, šlehačky, tvarohy - Tvarohy",
    "subcategory_url": "https://www.rohlik.cz/c300123065-tvarohy"
  },
  {
    "name": "Milko Tvaroh tučný",
    "price": "31,23 Kč",
    "unit_price": "124.92 Kč/kg",
    "package_amount": "250 g",
    "subcategory_name": "Smetany, šlehačky, tvarohy - Tvarohy",
    "subcategory_url": "https://www.rohlik.cz/c300123065-tvarohy"
  },
  {
    "name": "Choceňská mlékárna Choceňský jemný tvaroh",
    "price": "33,90 Kč",
    "unit_price": "135.6 Kč/kg",
    "package_amount": "250 g",
    "subcategory_name": "Smetany, šlehačky, tvarohy - Tvarohy",
    "subcategory_url": "https://www.rohlik.cz/c300123065-tvarohy"
  },
  {
    "name": "Madeta Jihočeský tvaroh polotučný",
    "price": "27,90 Kč",
    "unit_price": "111.6 Kč/kg",
    "package_amount": "250 g",
    "subcategory_name": "Smetany, šlehačky, tvarohy - Tvarohy",
    "subcategory_url": "https://www.rohlik.cz/c300123065-tvarohy"
  },
  {
    "name": "Milko BIO Tvaroh měkký odtučněný",
    "price": "26,90 Kč",
    "unit_price": "107.6 Kč/kg",
    "package_amount": "250 g",
    "subcategory_name": "Smetany, šlehačky, tvarohy - Tvarohy",
    "subcategory_url": "https://www.rohlik.cz/c300123065-tvarohy"
  },
  {
    "name": "Milko Tvaroh měkký odtučněný",
    "price": "26,90 Kč",
    "unit_price": "107.6 Kč/kg",
    "package_amount": "250 g",
    "subcategory_name": "Smetany, šlehačky, tvarohy - Tvarohy",
    "subcategory_url": "https://www.rohlik.cz/c300123065-tvarohy"
  },
  {
    "name": "Madeta Jihočeský tvaroh tučný",
    "price": "31,90 Kč",
    "unit_price": "127.6 Kč/kg",
    "package_amount": "250 g",
    "subcategory_name": "Smetany, šlehačky, tvarohy - Tvarohy",
    "subcategory_url": "https://www.rohlik.cz/c300123065-tvarohy"
  },
  {
    "name": "Moravia Olešnický tvaroh jemný 2 % tuku",
    "price": "46,90 Kč",
    "unit_price": "203.91 Kč/kg",
    "package_amount": "230 g",
    "subcategory_name": "Smetany, šlehačky, tvarohy - Tvarohy",
    "subcategory_url": "https://www.rohlik.cz/c300123065-tvarohy"
  },
  {
    "name": "Rohlik.cz BIO Tvaroh",
    "price": "79,90 Kč",
    "unit_price": "266.33 Kč/kg",
    "package_amount": "300 g",
    "subcategory_name": "Smetany, šlehačky, tvarohy - Tvarohy",
    "subcategory_url": "https://www.rohlik.cz/c300123065-tvarohy"
  },
  {
    "name": "Jaroměřická mlékárna Tvaroh tučný",
    "price": "47,90 Kč",
    "unit_price": "191.6 Kč/kg",
    "package_amount": "250 g",
    "subcategory_name": "Smetany, šlehačky, tvarohy - Tvarohy",
    "subcategory_url": "https://www.rohlik.cz/c300123065-tvarohy"
  },
  {
    "name": "Jaroměřická mlékárna Jaroměřický tvaroh tvrdý",
    "price": "46,90 Kč",
    "unit_price": "234.5 Kč/kg",
    "package_amount": "200 g",
    "subcategory_name": "Smetany, šlehačky, tvarohy - Tvarohy",
    "subcategory_url": "https://www.rohlik.cz/c300123065-tvarohy"
  },
  {
    "name": "Miil Zakysaná smetana 16 % tuku",
    "price": "19,90 Kč",
    "unit_price": "99.5 Kč/kg",
    "package_amount": "200 g",
    "subcategory_name": "Smetany, šlehačky, tvarohy - Zakysané smetany",
    "subcategory_url": "https://www.rohlik.cz/c300105022-zakysane-smetany"
  },
  {
    "name": "Miil Zakysaná smetana 12 % tuku",
    "price": "17,90 Kč",
    "unit_price": "89.5 Kč/kg",
    "package_amount": "200 g",
    "subcategory_name": "Smetany, šlehačky, tvarohy - Zakysané smetany",
    "subcategory_url": "https://www.rohlik.cz/c300105022-zakysane-smetany"
  },
  {
    "name": "Mlékárna Kunín Zakysaná smetana de luxe 20%",
    "price": "37,90 Kč",
    "unit_price": "199.47 Kč/kg",
    "package_amount": "190 g",
    "subcategory_name": "Smetany, šlehačky, tvarohy - Zakysané smetany",
    "subcategory_url": "https://www.rohlik.cz/c300105022-zakysane-smetany"
  },
  {
    "name": "Mlékárna Kunín Smetana zakysaná 15%",
    "price": "27,90 Kč",
    "unit_price": "146.84 Kč/kg",
    "package_amount": "190 g",
    "subcategory_name": "Smetany, šlehačky, tvarohy - Zakysané smetany",
    "subcategory_url": "https://www.rohlik.cz/c300105022-zakysane-smetany"
  },
  {
    "name": "Meggle Bezlaktózová smetana na vaření 10%",
    "price": "35,90 Kč",
    "unit_price": "179.5 Kč/l",
    "package_amount": "200 ml",
    "subcategory_name": "Smetany, šlehačky, tvarohy - Zakysané smetany",
    "subcategory_url": "https://www.rohlik.cz/c300105022-zakysane-smetany"
  },
  {
    "name": "Mlékárna Kunín Zakysaná smetana 12%",
    "price": "23,90 Kč",
    "unit_price": "125.79 Kč/kg",
    "package_amount": "190 g",
    "subcategory_name": "Smetany, šlehačky, tvarohy - Zakysané smetany",
    "subcategory_url": "https://www.rohlik.cz/c300105022-zakysane-smetany"
  },
  {
    "name": "Bohemilk Créme Fraîche smetana 36%",
    "price": "53,90 Kč",
    "unit_price": "269.5 Kč/kg",
    "package_amount": "200 g",
    "subcategory_name": "Smetany, šlehačky, tvarohy - Zakysané smetany",
    "subcategory_url": "https://www.rohlik.cz/c300105022-zakysane-smetany"
  },
  {
    "name": "Madeta Jihočeská zakysaná smetana 15% bezlaktózová",
    "price": "29,90 Kč",
    "unit_price": "166.11 Kč/kg",
    "package_amount": "180 g",
    "subcategory_name": "Smetany, šlehačky, tvarohy - Zakysané smetany",
    "subcategory_url": "https://www.rohlik.cz/c300105022-zakysane-smetany"
  },
  {
    "name": "Mlékárna Kunín Zakysaná smetana krémovitá 15%",
    "price": "49,90 Kč",
    "unit_price": "133.07 Kč/kg",
    "package_amount": "375 g",
    "subcategory_name": "Smetany, šlehačky, tvarohy - Zakysané smetany",
    "subcategory_url": "https://www.rohlik.cz/c300105022-zakysane-smetany"
  },
  {
    "name": "Krajanka zakysaná smetana 10% jahoda",
    "price": "22,90 Kč",
    "unit_price": "176.15 Kč/kg",
    "package_amount": "130 g",
    "subcategory_name": "Smetany, šlehačky, tvarohy - Zakysané smetany",
    "subcategory_url": "https://www.rohlik.cz/c300105022-zakysane-smetany"
  },
  {
    "name": "Krajanka zakysaná smetana 10% vaječný likér",
    "price": "22,90 Kč",
    "unit_price": "176.15 Kč/kg",
    "package_amount": "130 g",
    "subcategory_name": "Smetany, šlehačky, tvarohy - Zakysané smetany",
    "subcategory_url": "https://www.rohlik.cz/c300105022-zakysane-smetany"
  },
  {
    "name": "Madeta Jihočeská zakysaná smetana 18%",
    "price": "29,90 Kč",
    "unit_price": "166.11 Kč/kg",
    "package_amount": "180 g",
    "subcategory_name": "Smetany, šlehačky, tvarohy - Zakysané smetany",
    "subcategory_url": "https://www.rohlik.cz/c300105022-zakysane-smetany"
  },
  {
    "name": "Rohlik.cz BIO Zakysaná smetana",
    "price": "40,90 Kč",
    "unit_price": "204.5 Kč/l",
    "package_amount": "200 ml",
    "subcategory_name": "Smetany, šlehačky, tvarohy - Zakysané smetany",
    "subcategory_url": "https://www.rohlik.cz/c300105022-zakysane-smetany"
  },
  {
    "name": "Olma Kysaná smetana 16%",
    "price": "28,90 Kč",
    "unit_price": "144.5 Kč/kg",
    "package_amount": "200 g",
    "subcategory_name": "Smetany, šlehačky, tvarohy - Zakysané smetany",
    "subcategory_url": "https://www.rohlik.cz/c300105022-zakysane-smetany"
  },
  {
    "name": "Vitala Spray creme 19%",
    "price": "42,90 Kč",
    "unit_price": "171.6 Kč/kg",
    "package_amount": "250 g",
    "subcategory_name": "Smetany, šlehačky, tvarohy - Našlehané krémy",
    "subcategory_url": "https://www.rohlik.cz/c300122373-naslehane-kremy"
  },
  {
    "name": "Miil Čerstvá smetana na šlehání 33%",
    "price": "38,90 Kč",
    "unit_price": "155.6 Kč/l",
    "package_amount": "250 ml",
    "subcategory_name": "Smetany, šlehačky, tvarohy - Šlehačky",
    "subcategory_url": "https://www.rohlik.cz/c300105024-smetany-ke-slehani-a-slehacky"
  },
  {
    "name": "Mlékárna Kunín Smetana ke šlehání 31%",
    "price": "39,90 Kč",
    "unit_price": "199.5 Kč/kg",
    "package_amount": "200 g",
    "subcategory_name": "Smetany, šlehačky, tvarohy - Šlehačky",
    "subcategory_url": "https://www.rohlik.cz/c300105024-smetany-ke-slehani-a-slehacky"
  },
  {
    "name": "Miil Čerstvá smetana ke šlehání 33%",
    "price": "38,90 Kč",
    "unit_price": "155.6 Kč/l",
    "package_amount": "250 ml",
    "subcategory_name": "Smetany, šlehačky, tvarohy - Šlehačky",
    "subcategory_url": "https://www.rohlik.cz/c300105024-smetany-ke-slehani-a-slehacky"
  },
  {
    "name": "Mlékárna Kunín Šlehačka de luxe 40%",
    "price": "47,90 Kč",
    "unit_price": "239.5 Kč/kg",
    "package_amount": "200 g",
    "subcategory_name": "Smetany, šlehačky, tvarohy - Šlehačky",
    "subcategory_url": "https://www.rohlik.cz/c300105024-smetany-ke-slehani-a-slehacky"
  },
  {
    "name": "Meggle Bezlaktózová smetana ke šlehání 30%",
    "price": "37,90 Kč",
    "unit_price": "189.5 Kč/l",
    "package_amount": "200 ml",
    "subcategory_name": "Smetany, šlehačky, tvarohy - Šlehačky",
    "subcategory_url": "https://www.rohlik.cz/c300105024-smetany-ke-slehani-a-slehacky"
  },
  {
    "name": "Bohemilk Čerstvá smetana ke šlehání 33 %",
    "price": "46,90 Kč",
    "unit_price": "187.6 Kč/l",
    "package_amount": "250 ml",
    "subcategory_name": "Smetany, šlehačky, tvarohy - Šlehačky",
    "subcategory_url": "https://www.rohlik.cz/c300105024-smetany-ke-slehani-a-slehacky"
  },
  {
    "name": "Madeta Jihočeská smetana ke šlehání trvanlivá 31%",
    "price": "44,90 Kč",
    "unit_price": "179.6 Kč/l",
    "package_amount": "250 ml",
    "subcategory_name": "Smetany, šlehačky, tvarohy - Šlehačky",
    "subcategory_url": "https://www.rohlik.cz/c300105024-smetany-ke-slehani-a-slehacky"
  },
  {
    "name": "Laura Šlehačka ve spreji",
    "price": "66,90 Kč",
    "unit_price": "267.6 Kč/l",
    "package_amount": "250 ml",
    "subcategory_name": "Smetany, šlehačky, tvarohy - Šlehačky",
    "subcategory_url": "https://www.rohlik.cz/c300105024-smetany-ke-slehani-a-slehacky"
  },
  {
    "name": "Rohlik.cz BIO Čerstvá smetana",
    "price": "46,90 Kč",
    "unit_price": "234.5 Kč/l",
    "package_amount": "200 ml",
    "subcategory_name": "Smetany, šlehačky, tvarohy - Šlehačky",
    "subcategory_url": "https://www.rohlik.cz/c300105024-smetany-ke-slehani-a-slehacky"
  },
  {
    "name": "Mlékárna Kunín Smetana ke šlehání 31%",
    "price": "68,90 Kč",
    "unit_price": "183.73 Kč/kg",
    "package_amount": "375 g",
    "subcategory_name": "Smetany, šlehačky, tvarohy - Šlehačky",
    "subcategory_url": "https://www.rohlik.cz/c300105024-smetany-ke-slehani-a-slehacky"
  },
  {
    "name": "Président Professional Šlehačka ve spreji",
    "price": "155,70 Kč",
    "unit_price": "311.4 Kč/kg",
    "package_amount": "500 g",
    "subcategory_name": "Smetany, šlehačky, tvarohy - Šlehačky",
    "subcategory_url": "https://www.rohlik.cz/c300105024-smetany-ke-slehani-a-slehacky"
  },
  {
    "name": "Berchtesgadener Land BIO Smetana ke šlehání bez laktózy",
    "price": "46,90 Kč",
    "unit_price": "234.5 Kč/kg",
    "package_amount": "200 g",
    "subcategory_name": "Smetany, šlehačky, tvarohy - Šlehačky",
    "subcategory_url": "https://www.rohlik.cz/c300105024-smetany-ke-slehani-a-slehacky"
  },
  {
    "name": "Mlékárna Kunín Pařížská šlehačka de luxe 27 %",
    "price": "41,90 Kč",
    "unit_price": "209.5 Kč/kg",
    "package_amount": "200 g",
    "subcategory_name": "Smetany, šlehačky, tvarohy - Šlehačky",
    "subcategory_url": "https://www.rohlik.cz/c300105024-smetany-ke-slehani-a-slehacky"
  },
  {
    "name": "Bohemilk Čerstvá smetana ke šlehání 33%",
    "price": "160,50 Kč",
    "unit_price": "160.5 Kč/l",
    "package_amount": "1 l",
    "subcategory_name": "Smetany, šlehačky, tvarohy - Šlehačky",
    "subcategory_url": "https://www.rohlik.cz/c300105024-smetany-ke-slehani-a-slehacky"
  },
  {
    "name": "Hochwald Smetana do kávy 10% 10×10 ml",
    "price": "10,90 Kč",
    "unit_price": "109 Kč/l",
    "package_amount": "100 ml",
    "subcategory_name": "Smetany, šlehačky, tvarohy - Do kávy",
    "subcategory_url": "https://www.rohlik.cz/c300105025-smetany-do-kavy"
  },
  {
    "name": "Meggle Smetana do kávy 10×10 g",
    "price": "20,90 Kč",
    "unit_price": "209 Kč/kg",
    "package_amount": "100 g",
    "subcategory_name": "Smetany, šlehačky, tvarohy - Do kávy",
    "subcategory_url": "https://www.rohlik.cz/c300105025-smetany-do-kavy"
  },
  {
    "name": "Kapucín Smetana do kávy 10 %",
    "price": "55,90 Kč",
    "unit_price": "180.32 Kč/kg",
    "package_amount": "310 g",
    "subcategory_name": "Smetany, šlehačky, tvarohy - Do kávy",
    "subcategory_url": "https://www.rohlik.cz/c300105025-smetany-do-kavy"
  },
  {
    "name": "Alpro Sójový výrobek na vaření",
    "price": "39,90 Kč",
    "unit_price": "159.6 Kč/l",
    "package_amount": "250 ml",
    "subcategory_name": "Smetany, šlehačky, tvarohy - Rostlinné",
    "subcategory_url": "https://www.rohlik.cz/c300114405-rostlinne-alternativy-smetany"
  },
  {
    "name": "Rama Crema 31% rostlinná na šlehání",
    "price": "39,90 Kč",
    "unit_price": "199.5 Kč/l",
    "package_amount": "200 ml",
    "subcategory_name": "Smetany, šlehačky, tvarohy - Rostlinné",
    "subcategory_url": "https://www.rohlik.cz/c300114405-rostlinne-alternativy-smetany"
  },
  {
    "name": "Alpro Rýžový výrobek na vaření",
    "price": "44,90 Kč",
    "unit_price": "179.6 Kč/l",
    "package_amount": "250 ml",
    "subcategory_name": "Smetany, šlehačky, tvarohy - Rostlinné",
    "subcategory_url": "https://www.rohlik.cz/c300114405-rostlinne-alternativy-smetany"
  },
  {
    "name": "PlantON Creamo",
    "price": "44,70 Kč",
    "unit_price": "223.5 Kč/kg",
    "package_amount": "200 g",
    "subcategory_name": "Smetany, šlehačky, tvarohy - Rostlinné",
    "subcategory_url": "https://www.rohlik.cz/c300114405-rostlinne-alternativy-smetany"
  },
  {
    "name": "Meggle Veganský krém na vaření 15%",
    "price": "35,90 Kč",
    "unit_price": "143.6 Kč/l",
    "package_amount": "250 ml",
    "subcategory_name": "Smetany, šlehačky, tvarohy - Rostlinné",
    "subcategory_url": "https://www.rohlik.cz/c300114405-rostlinne-alternativy-smetany"
  },
  {
    "name": "Alpro Sójový výrobek na vaření",
    "price": "99,90 Kč",
    "unit_price": "99.9 Kč/l",
    "package_amount": "1 l",
    "subcategory_name": "Smetany, šlehačky, tvarohy - Rostlinné",
    "subcategory_url": "https://www.rohlik.cz/c300114405-rostlinne-alternativy-smetany"
  },
  {
    "name": "Alpro Ovesný výrobek na vaření",
    "price": "44,90 Kč",
    "unit_price": "179.6 Kč/l",
    "package_amount": "250 ml",
    "subcategory_name": "Smetany, šlehačky, tvarohy - Rostlinné",
    "subcategory_url": "https://www.rohlik.cz/c300114405-rostlinne-alternativy-smetany"
  },
  {
    "name": "Oatly BIO Ovesný výrobek na vaření",
    "price": "59,90 Kč",
    "unit_price": "239.6 Kč/l",
    "package_amount": "250 ml",
    "subcategory_name": "Smetany, šlehačky, tvarohy - Rostlinné",
    "subcategory_url": "https://www.rohlik.cz/c300114405-rostlinne-alternativy-smetany"
  },
  {
    "name": "Violife Zakysaný krém",
    "price": "94,90 Kč",
    "unit_price": "189.8 Kč/kg",
    "package_amount": "500 g",
    "subcategory_name": "Smetany, šlehačky, tvarohy - Rostlinné",
    "subcategory_url": "https://www.rohlik.cz/c300114405-rostlinne-alternativy-smetany"
  },
  {
    "name": "Schlagfix Schoko Traum ve spreji čokoláda",
    "price": "89,90 Kč",
    "unit_price": "449.5 Kč/l",
    "package_amount": "200 ml",
    "subcategory_name": "Smetany, šlehačky, tvarohy - Rostlinné",
    "subcategory_url": "https://www.rohlik.cz/c300114405-rostlinne-alternativy-smetany"
  },
  {
    "name": "Ecomil BIO Krém z kešu ořechů na vaření 8 % tuku",
    "price": "49,90 Kč",
    "unit_price": "249.5 Kč/l",
    "package_amount": "200 ml",
    "subcategory_name": "Smetany, šlehačky, tvarohy - Rostlinné",
    "subcategory_url": "https://www.rohlik.cz/c300114405-rostlinne-alternativy-smetany"
  },
  {
    "name": "Oatly! Ovesný výrobek ke šlehání",
    "price": "54,90 Kč",
    "unit_price": "219.6 Kč/l",
    "package_amount": "250 ml",
    "subcategory_name": "Smetany, šlehačky, tvarohy - Rostlinné",
    "subcategory_url": "https://www.rohlik.cz/c300114405-rostlinne-alternativy-smetany"
  },
  {
    "name": "Schlagfix Schlagcreme ve spreji",
    "price": "79,90 Kč",
    "unit_price": "399.5 Kč/l",
    "package_amount": "200 ml",
    "subcategory_name": "Smetany, šlehačky, tvarohy - Rostlinné",
    "subcategory_url": "https://www.rohlik.cz/c300114405-rostlinne-alternativy-smetany"
  },
  {
    "name": "Alpro Sójový výrobek ke šlehání",
    "price": "59,90 Kč",
    "unit_price": "239.6 Kč/l",
    "package_amount": "250 ml",
    "subcategory_name": "Smetany, šlehačky, tvarohy - Rostlinné",
    "subcategory_url": "https://www.rohlik.cz/c300114405-rostlinne-alternativy-smetany"
  },
  {
    "name": "Miil Čerstvá smetana na vaření 12%",
    "price": "39,90 Kč",
    "unit_price": "79.8 Kč/l",
    "package_amount": "500 ml",
    "subcategory_name": "Smetany, šlehačky, tvarohy - Na vaření",
    "subcategory_url": "https://www.rohlik.cz/c300105023-smetany-na-vareni"
  },
  {
    "name": "Miil Smetana na vaření 10%",
    "price": "14,90 Kč",
    "unit_price": "82.78 Kč/l",
    "package_amount": "180 ml",
    "subcategory_name": "Smetany, šlehačky, tvarohy - Na vaření",
    "subcategory_url": "https://www.rohlik.cz/c300105023-smetany-na-vareni"
  },
  {
    "name": "Mlékárna Kunín Smetana na vaření 12%",
    "price": "27,90 Kč",
    "unit_price": "139.5 Kč/kg",
    "package_amount": "200 g",
    "subcategory_name": "Smetany, šlehačky, tvarohy - Na vaření",
    "subcategory_url": "https://www.rohlik.cz/c300105023-smetany-na-vareni"
  },
  {
    "name": "Mlékárna Kunín Krémová do omáček 15%",
    "price": "37,90 Kč",
    "unit_price": "189.5 Kč/l",
    "package_amount": "200 ml",
    "subcategory_name": "Smetany, šlehačky, tvarohy - Na vaření",
    "subcategory_url": "https://www.rohlik.cz/c300105023-smetany-na-vareni"
  },
  {
    "name": "Meggle Bezlaktózová smetana ke šlehání 30%",
    "price": "37,90 Kč",
    "unit_price": "189.5 Kč/l",
    "package_amount": "200 ml",
    "subcategory_name": "Smetany, šlehačky, tvarohy - Na vaření",
    "subcategory_url": "https://www.rohlik.cz/c300105023-smetany-na-vareni"
  },
  {
    "name": "Meggle Bezlaktózová smetana na vaření 10%",
    "price": "35,90 Kč",
    "unit_price": "179.5 Kč/l",
    "package_amount": "200 ml",
    "subcategory_name": "Smetany, šlehačky, tvarohy - Na vaření",
    "subcategory_url": "https://www.rohlik.cz/c300105023-smetany-na-vareni"
  },
  {
    "name": "Rohlik.cz BIO Čerstvá smetana",
    "price": "46,90 Kč",
    "unit_price": "234.5 Kč/l",
    "package_amount": "200 ml",
    "subcategory_name": "Smetany, šlehačky, tvarohy - Na vaření",
    "subcategory_url": "https://www.rohlik.cz/c300105023-smetany-na-vareni"
  },
  {
    "name": "Moravia Smetana na vaření čerstvá 12 %",
    "price": "45,90 Kč",
    "unit_price": "91.8 Kč/l",
    "package_amount": "500 ml",
    "subcategory_name": "Smetany, šlehačky, tvarohy - Na vaření",
    "subcategory_url": "https://www.rohlik.cz/c300105023-smetany-na-vareni"
  },
  {
    "name": "Tatra Smetana na vaření 10%",
    "price": "28,10 Kč",
    "unit_price": "112.4 Kč/l",
    "package_amount": "250 ml",
    "subcategory_name": "Smetany, šlehačky, tvarohy - Na vaření",
    "subcategory_url": "https://www.rohlik.cz/c300105023-smetany-na-vareni"
  },
  {
    "name": "Parmalat Chef Smetana na vaření",
    "price": "38,80 Kč",
    "unit_price": "194 Kč/l",
    "package_amount": "200 ml",
    "subcategory_name": "Smetany, šlehačky, tvarohy - Na vaření",
    "subcategory_url": "https://www.rohlik.cz/c300105023-smetany-na-vareni"
  },
  {
    "name": "Granarolo Omáčka Besciamella",
    "price": "33,90 Kč",
    "unit_price": "169.5 Kč/kg",
    "package_amount": "200 g",
    "subcategory_name": "Smetany, šlehačky, tvarohy - Na vaření",
    "subcategory_url": "https://www.rohlik.cz/c300105023-smetany-na-vareni"
  },
  {
    "name": "Mlékárna Kunín Smetana 12%",
    "price": "51,90 Kč",
    "unit_price": "138.4 Kč/kg",
    "package_amount": "375 g",
    "subcategory_name": "Smetany, šlehačky, tvarohy - Na vaření",
    "subcategory_url": "https://www.rohlik.cz/c300105023-smetany-na-vareni"
  },
  {
    "name": "Granarolo Panna cucina krémová smetana na vaření",
    "price": "39,90 Kč",
    "unit_price": "199.5 Kč/kg",
    "package_amount": "200 g",
    "subcategory_name": "Smetany, šlehačky, tvarohy - Na vaření",
    "subcategory_url": "https://www.rohlik.cz/c300105023-smetany-na-vareni"
  },
  {
    "name": "Thomy Les sauce Béchamel omáčka",
    "price": "49,90 Kč",
    "unit_price": "199.6 Kč/l",
    "package_amount": "250 ml",
    "subcategory_name": "Smetany, šlehačky, tvarohy - Na vaření",
    "subcategory_url": "https://www.rohlik.cz/c300105023-smetany-na-vareni"
  },
  {
    "name": "Rohlik.cz BIO Čerstvá smetana",
    "price": "46,90 Kč",
    "unit_price": "234.5 Kč/l",
    "package_amount": "200 ml",
    "subcategory_name": "Smetany, šlehačky, tvarohy - BIO",
    "subcategory_url": "https://www.rohlik.cz/c300105072-bio-a-farmarske-smetany-a-slehacky"
  },
  {
    "name": "Milko BIO Zakysaná smetana 15 %",
    "price": "19,90 Kč",
    "unit_price": "113.71 Kč/kg",
    "package_amount": "175 g",
    "subcategory_name": "Smetany, šlehačky, tvarohy - BIO",
    "subcategory_url": "https://www.rohlik.cz/c300105072-bio-a-farmarske-smetany-a-slehacky"
  },
  {
    "name": "Berchtesgadener Land BIO Smetana ke šlehání bez laktózy",
    "price": "46,90 Kč",
    "unit_price": "234.5 Kč/kg",
    "package_amount": "200 g",
    "subcategory_name": "Smetany, šlehačky, tvarohy - BIO",
    "subcategory_url": "https://www.rohlik.cz/c300105072-bio-a-farmarske-smetany-a-slehacky"
  },
  {
    "name": "Rohlik.cz BIO Zakysaná smetana",
    "price": "40,90 Kč",
    "unit_price": "204.5 Kč/l",
    "package_amount": "200 ml",
    "subcategory_name": "Smetany, šlehačky, tvarohy - BIO",
    "subcategory_url": "https://www.rohlik.cz/c300105072-bio-a-farmarske-smetany-a-slehacky"
  }
]